[
  {
    "e": "aggTrade",
    "E": 1624711283248,
    "a": 647022008,
    "s": "BTCUSDT",
    "p": "31814.09",
    "q": "0.356",
    "f": 1093763683,
    "l": 1093763684,
    "T": 1624711283094,
    "m": false
  },
  {
    "e": "aggTrade",
    "E": 1624711283269,
    "a": 647022009,
    "s": "BTCUSDT",
    "p": "31814.08",
    "q": "0.018",
    "f": 1093763685,
    "l": 1093763685,
    "T": 1624711283263,
    "m": true
  },
  {
    "e": "aggTrade",
    "E": 1624711283323,
    "a": 647022010,
    "s": "BTCUSDT",
    "p": "31814.09",
    "q": "0.006",
    "f": 1093763686,
    "l": 1093763686,
    "T": 1624711283264,
    "m": false
  },
  {
    "e": "aggTrade",
    "E": 1624711283325,
    "a": 647022011,
    "s": "BTCUSDT",
    "p": "31814.08",
    "q": "0.015",
    "f": 1093763687,
    "l": 1093763688,
    "T": 1624711283319,
    "m": true
  },
  {
    "e": "aggTrade",
    "E": 1624711283370,
    "a": 647022012,
    "s": "BTCUSDT",
    "p": "31814.09",
    "q": "0.297",
    "f": 1093763689,
    "l": 1093763692,
    "T": 1624711283320,
    "m": false
  },
  {
    "e": "aggTrade",
    "E": 1624711283376,
    "a": 647022013,
    "s": "BTCUSDT",
    "p": "31814.08",
    "q": "0.026",
    "f": 1093763693,
    "l": 1093763693,
    "T": 1624711283366,
    "m": true
  },
  {
    "e": "aggTrade",
    "E": 1624711283490,
    "a": 647022014,
    "s": "BTCUSDT",
    "p": "31814.09",
    "q": "0.173",
    "f": 1093763694,
    "l": 1093763696,
    "T": 1624711283370,
    "m": false
  },
  {
    "e": "aggTrade",
    "E": 1624711283608,
    "a": 647022015,
    "s": "BTCUSDT",
    "p": "31814.08",
    "q": "0.134",
    "f": 1093763697,
    "l": 1093763701,
    "T": 1624711283484,
    "m": true
  },
  {
    "e": "aggTrade",
    "E": 1624711283612,
    "a": 647022016,
    "s": "BTCUSDT",
    "p": "31814.09",
    "q": "0.001",
    "f": 1093763702,
    "l": 1093763702,
    "T": 1624711283604,
    "m": false
  },
  {
    "e": "aggTrade",
    "E": 1624711283628,
    "a": 647022017,
    "s": "BTCUSDT",
    "p": "31814.08",
    "q": "0.032",
    "f": 1093763703,
    "l": 1093763703,
    "T": 1624711283607,
    "m": true
  },
  {
    "e": "aggTrade",
    "E": 1624711283681,
    "a": 647022018,
    "s": "BTCUSDT",
    "p": "31814.09",
    "q": "1.787",
    "f": 1093763704,
    "l": 1093763717,
    "T": 1624711283623,
    "m": false
  },
  {
    "e": "aggTrade",
    "E": 1624711283702,
    "a": 647022019,
    "s": "BTCUSDT",
    "p": "31814.08",
    "q": "0.297",
    "f": 1093763718,
    "l": 1093763726,
    "T": 1624711283677,
    "m": true
  },
  {
    "e": "aggTrade",
    "E": 1624711283702,
    "a": 647022020,
    "s": "BTCUSDT",
    "p": "31813.84",
    "q": "0.001",
    "f": 1093763727,
    "l": 1093763727,
    "T": 1624711283699,
    "m": true
  },
  {
    "e": "aggTrade",
    "E": 1624711283702,
    "a": 647022021,
    "s": "BTCUSDT",
    "p": "31812.62",
    "q": "1.982",
    "f": 1093763728,
    "l": 1093763728,
    "T": 1624711283699,
    "m": true
  },
  {
    "e": "aggTrade",
    "E": 1624711283746,
    "a": 647022022,
    "s": "BTCUSDT",
    "p": "31812.60",
    "q": "5.662",
    "f": 1093763729,
    "l": 1093763730,
    "T": 1624711283699,
    "m": true
  },
  {
    "e": "aggTrade",
    "E": 1624711283777,
    "a": 647022023,
    "s": "BTCUSDT",
    "p": "31810.69",
    "q": "0.098",
    "f": 1093763731,
    "l": 1093763732,
    "T": 1624711283740,
    "m": true
  },
  {
    "e": "aggTrade",
    "E": 1624711283778,
    "a": 647022024,
    "s": "BTCUSDT",
    "p": "31810.15",
    "q": "0.035",
    "f": 1093763733,
    "l": 1093763733,
    "T": 1624711283771,
    "m": false
  },
  {
    "e": "aggTrade",
    "E": 1624711283778,
    "a": 647022025,
    "s": "BTCUSDT",
    "p": "31810.14",
    "q": "0.001",
    "f": 1093763734,
    "l": 1093763734,
    "T": 1624711283773,
    "m": true
  },
  {
    "e": "aggTrade",
    "E": 1624711283797,
    "a": 647022026,
    "s": "BTCUSDT",
    "p": "31810.00",
    "q": "2.178",
    "f": 1093763735,
    "l": 1093763739,
    "T": 1624711283773,
    "m": true
  },
  {
    "e": "aggTrade",
    "E": 1624711283805,
    "a": 647022027,
    "s": "BTCUSDT",
    "p": "31809.99",
    "q": "0.681",
    "f": 1093763740,
    "l": 1093763742,
    "T": 1624711283790,
    "m": true
  },
  {
    "e": "aggTrade",
    "E": 1624711283851,
    "a": 647022028,
    "s": "BTCUSDT",
    "p": "31809.68",
    "q": "5.000",
    "f": 1093763743,
    "l": 1093763747,
    "T": 1624711283801,
    "m": true
  },
  {
    "e": "aggTrade",
    "E": 1624711283853,
    "a": 647022029,
    "s": "BTCUSDT",
    "p": "31809.13",
    "q": "0.250",
    "f": 1093763748,
    "l": 1093763748,
    "T": 1624711283847,
    "m": true
  },
  {
    "e": "aggTrade",
    "E": 1624711283855,
    "a": 647022030,
    "s": "BTCUSDT",
    "p": "31809.13",
    "q": "0.004",
    "f": 1093763749,
    "l": 1093763749,
    "T": 1624711283850,
    "m": false
  },
  {
    "e": "aggTrade",
    "E": 1624711283855,
    "a": 647022031,
    "s": "BTCUSDT",
    "p": "31809.12",
    "q": "0.007",
    "f": 1093763750,
    "l": 1093763751,
    "T": 1624711283851,
    "m": true
  },
  {
    "e": "aggTrade",
    "E": 1624711283864,
    "a": 647022032,
    "s": "BTCUSDT",
    "p": "31808.90",
    "q": "0.001",
    "f": 1093763752,
    "l": 1093763752,
    "T": 1624711283851,
    "m": true
  },
  {
    "e": "aggTrade",
    "E": 1624711283872,
    "a": 647022033,
    "s": "BTCUSDT",
    "p": "31807.21",
    "q": "0.046",
    "f": 1093763753,
    "l": 1093763753,
    "T": 1624711283861,
    "m": true
  },
  {
    "e": "aggTrade",
    "E": 1624711283908,
    "a": 647022034,
    "s": "BTCUSDT",
    "p": "31807.55",
    "q": "0.100",
    "f": 1093763754,
    "l": 1093763755,
    "T": 1624711283868,
    "m": false
  },
  {
    "e": "aggTrade",
    "E": 1624711283908,
    "a": 647022035,
    "s": "BTCUSDT",
    "p": "31807.21",
    "q": "0.040",
    "f": 1093763756,
    "l": 1093763757,
    "T": 1624711283904,
    "m": true
  },
  {
    "e": "aggTrade",
    "E": 1624711283913,
    "a": 647022036,
    "s": "BTCUSDT",
    "p": "31807.20",
    "q": "0.010",
    "f": 1093763758,
    "l": 1093763758,
    "T": 1624711283904,
    "m": true
  },
  {
    "e": "aggTrade",
    "E": 1624711283921,
    "a": 647022037,
    "s": "BTCUSDT",
    "p": "31807.21",
    "q": "0.011",
    "f": 1093763759,
    "l": 1093763760,
    "T": 1624711283908,
    "m": false
  },
  {
    "e": "aggTrade",
    "E": 1624711284072,
    "a": 647022038,
    "s": "BTCUSDT",
    "p": "31807.20",
    "q": "0.160",
    "f": 1093763761,
    "l": 1093763762,
    "T": 1624711283916,
    "m": true
  },
  {
    "e": "aggTrade",
    "E": 1624711284265,
    "a": 647022039,
    "s": "BTCUSDT",
    "p": "31807.21",
    "q": "0.023",
    "f": 1093763763,
    "l": 1093763763,
    "T": 1624711284129,
    "m": false
  },
  {
    "e": "aggTrade",
    "E": 1624711284309,
    "a": 647022040,
    "s": "BTCUSDT",
    "p": "31807.21",
    "q": "0.555",
    "f": 1093763764,
    "l": 1093763770,
    "T": 1624711284261,
    "m": false
  },
  {
    "e": "aggTrade",
    "E": 1624711284376,
    "a": 647022041,
    "s": "BTCUSDT",
    "p": "31807.20",
    "q": "0.040",
    "f": 1093763771,
    "l": 1093763773,
    "T": 1624711284306,
    "m": true
  },
  {
    "e": "aggTrade",
    "E": 1624711284376,
    "a": 647022042,
    "s": "BTCUSDT",
    "p": "31807.21",
    "q": "3.475",
    "f": 1093763774,
    "l": 1093763782,
    "T": 1624711284372,
    "m": false
  },
  {
    "e": "aggTrade",
    "E": 1624711284376,
    "a": 647022043,
    "s": "BTCUSDT",
    "p": "31808.16",
    "q": "0.001",
    "f": 1093763783,
    "l": 1093763783,
    "T": 1624711284372,
    "m": false
  },
  {
    "e": "aggTrade",
    "E": 1624711284376,
    "a": 647022044,
    "s": "BTCUSDT",
    "p": "31808.22",
    "q": "0.069",
    "f": 1093763784,
    "l": 1093763784,
    "T": 1624711284372,
    "m": false
  },
  {
    "e": "aggTrade",
    "E": 1624711284376,
    "a": 647022045,
    "s": "BTCUSDT",
    "p": "31808.45",
    "q": "0.078",
    "f": 1093763785,
    "l": 1093763785,
    "T": 1624711284372,
    "m": false
  },
  {
    "e": "aggTrade",
    "E": 1624711284376,
    "a": 647022046,
    "s": "BTCUSDT",
    "p": "31809.13",
    "q": "0.009",
    "f": 1093763786,
    "l": 1093763786,
    "T": 1624711284372,
    "m": false
  },
  {
    "e": "aggTrade",
    "E": 1624711284376,
    "a": 647022047,
    "s": "BTCUSDT",
    "p": "31809.95",
    "q": "0.229",
    "f": 1093763787,
    "l": 1093763787,
    "T": 1624711284372,
    "m": false
  },
  {
    "e": "aggTrade",
    "E": 1624711284405,
    "a": 647022048,
    "s": "BTCUSDT",
    "p": "31809.96",
    "q": "0.133",
    "f": 1093763788,
    "l": 1093763788,
    "T": 1624711284372,
    "m": false
  },
  {
    "e": "aggTrade",
    "E": 1624711284556,
    "a": 647022049,
    "s": "BTCUSDT",
    "p": "31808.26",
    "q": "0.500",
    "f": 1093763789,
    "l": 1093763789,
    "T": 1624711284399,
    "m": true
  },
  {
    "e": "aggTrade",
    "E": 1624711284730,
    "a": 647022050,
    "s": "BTCUSDT",
    "p": "31808.26",
    "q": "0.075",
    "f": 1093763790,
    "l": 1093763792,
    "T": 1624711284574,
    "m": true
  },
  {
    "e": "aggTrade",
    "E": 1624711284822,
    "a": 647022051,
    "s": "BTCUSDT",
    "p": "31810.33",
    "q": "0.164",
    "f": 1093763793,
    "l": 1093763795,
    "T": 1624711284738,
    "m": true
  },
  {
    "e": "aggTrade",
    "E": 1624711284823,
    "a": 647022052,
    "s": "BTCUSDT",
    "p": "31810.34",
    "q": "0.481",
    "f": 1093763796,
    "l": 1093763798,
    "T": 1624711284817,
    "m": false
  },
  {
    "e": "aggTrade",
    "E": 1624711284825,
    "a": 647022053,
    "s": "BTCUSDT",
    "p": "31810.66",
    "q": "0.001",
    "f": 1093763799,
    "l": 1093763799,
    "T": 1624711284819,
    "m": false
  },
  {
    "e": "aggTrade",
    "E": 1624711284825,
    "a": 647022054,
    "s": "BTCUSDT",
    "p": "31810.68",
    "q": "0.134",
    "f": 1093763800,
    "l": 1093763800,
    "T": 1624711284819,
    "m": false
  },
  {
    "e": "aggTrade",
    "E": 1624711284828,
    "a": 647022055,
    "s": "BTCUSDT",
    "p": "31813.49",
    "q": "2.049",
    "f": 1093763801,
    "l": 1093763804,
    "T": 1624711284819,
    "m": false
  },
  {
    "e": "aggTrade",
    "E": 1624711284828,
    "a": 647022056,
    "s": "BTCUSDT",
    "p": "31813.66",
    "q": "0.057",
    "f": 1093763805,
    "l": 1093763805,
    "T": 1624711284823,
    "m": false
  },
  {
    "e": "aggTrade",
    "E": 1624711284828,
    "a": 647022057,
    "s": "BTCUSDT",
    "p": "31813.73",
    "q": "0.004",
    "f": 1093763806,
    "l": 1093763806,
    "T": 1624711284823,
    "m": false
  },
  {
    "e": "aggTrade",
    "E": 1624711284828,
    "a": 647022058,
    "s": "BTCUSDT",
    "p": "31814.01",
    "q": "0.394",
    "f": 1093763807,
    "l": 1093763808,
    "T": 1624711284823,
    "m": false
  },
  {
    "e": "aggTrade",
    "E": 1624711284828,
    "a": 647022059,
    "s": "BTCUSDT",
    "p": "31814.09",
    "q": "0.051",
    "f": 1093763809,
    "l": 1093763813,
    "T": 1624711284824,
    "m": false
  },
  {
    "e": "aggTrade",
    "E": 1624711284828,
    "a": 647022060,
    "s": "BTCUSDT",
    "p": "31815.00",
    "q": "0.103",
    "f": 1093763814,
    "l": 1093763815,
    "T": 1624711284824,
    "m": false
  },
  {
    "e": "aggTrade",
    "E": 1624711284828,
    "a": 647022061,
    "s": "BTCUSDT",
    "p": "31815.27",
    "q": "0.091",
    "f": 1093763816,
    "l": 1093763817,
    "T": 1624711284824,
    "m": false
  },
  {
    "e": "aggTrade",
    "E": 1624711284829,
    "a": 647022062,
    "s": "BTCUSDT",
    "p": "31815.73",
    "q": "0.627",
    "f": 1093763818,
    "l": 1093763819,
    "T": 1624711284824,
    "m": false
  },
  {
    "e": "aggTrade",
    "E": 1624711284829,
    "a": 647022063,
    "s": "BTCUSDT",
    "p": "31816.11",
    "q": "7.598",
    "f": 1093763820,
    "l": 1093763821,
    "T": 1624711284824,
    "m": false
  },
  {
    "e": "aggTrade",
    "E": 1624711284829,
    "a": 647022064,
    "s": "BTCUSDT",
    "p": "31816.18",
    "q": "1.670",
    "f": 1093763822,
    "l": 1093763822,
    "T": 1624711284825,
    "m": false
  },
  {
    "e": "aggTrade",
    "E": 1624711284829,
    "a": 647022065,
    "s": "BTCUSDT",
    "p": "31816.36",
    "q": "4.400",
    "f": 1093763823,
    "l": 1093763823,
    "T": 1624711284825,
    "m": false
  },
  {
    "e": "aggTrade",
    "E": 1624711284831,
    "a": 647022066,
    "s": "BTCUSDT",
    "p": "31816.75",
    "q": "2.167",
    "f": 1093763824,
    "l": 1093763826,
    "T": 1624711284825,
    "m": false
  },
  {
    "e": "aggTrade",
    "E": 1624711284831,
    "a": 647022067,
    "s": "BTCUSDT",
    "p": "31817.20",
    "q": "0.115",
    "f": 1093763827,
    "l": 1093763831,
    "T": 1624711284826,
    "m": false
  },
  {
    "e": "aggTrade",
    "E": 1624711284833,
    "a": 647022068,
    "s": "BTCUSDT",
    "p": "31817.21",
    "q": "1.470",
    "f": 1093763832,
    "l": 1093763843,
    "T": 1624711284826,
    "m": false
  },
  {
    "e": "aggTrade",
    "E": 1624711284833,
    "a": 647022069,
    "s": "BTCUSDT",
    "p": "31817.24",
    "q": "1.702",
    "f": 1093763844,
    "l": 1093763845,
    "T": 1624711284829,
    "m": false
  },
  {
    "e": "aggTrade",
    "E": 1624711284833,
    "a": 647022070,
    "s": "BTCUSDT",
    "p": "31817.48",
    "q": "1.988",
    "f": 1093763846,
    "l": 1093763847,
    "T": 1624711284829,
    "m": false
  },
  {
    "e": "aggTrade",
    "E": 1624711284835,
    "a": 647022071,
    "s": "BTCUSDT",
    "p": "31817.49",
    "q": "0.685",
    "f": 1093763848,
    "l": 1093763848,
    "T": 1624711284829,
    "m": false
  },
  {
    "e": "aggTrade",
    "E": 1624711284835,
    "a": 647022072,
    "s": "BTCUSDT",
    "p": "31818.05",
    "q": "0.314",
    "f": 1093763849,
    "l": 1093763849,
    "T": 1624711284829,
    "m": false
  },
  {
    "e": "aggTrade",
    "E": 1624711284835,
    "a": 647022073,
    "s": "BTCUSDT",
    "p": "31818.44",
    "q": "0.078",
    "f": 1093763850,
    "l": 1093763850,
    "T": 1624711284829,
    "m": false
  },
  {
    "e": "aggTrade",
    "E": 1624711284835,
    "a": 647022074,
    "s": "BTCUSDT",
    "p": "31818.81",
    "q": "0.314",
    "f": 1093763851,
    "l": 1093763851,
    "T": 1624711284829,
    "m": false
  },
  {
    "e": "aggTrade",
    "E": 1624711284835,
    "a": 647022075,
    "s": "BTCUSDT",
    "p": "31818.93",
    "q": "0.308",
    "f": 1093763852,
    "l": 1093763852,
    "T": 1624711284829,
    "m": false
  },
  {
    "e": "aggTrade",
    "E": 1624711284835,
    "a": 647022076,
    "s": "BTCUSDT",
    "p": "31819.13",
    "q": "0.115",
    "f": 1093763853,
    "l": 1093763853,
    "T": 1624711284829,
    "m": false
  },
  {
    "e": "aggTrade",
    "E": 1624711284835,
    "a": 647022077,
    "s": "BTCUSDT",
    "p": "31819.27",
    "q": "1.669",
    "f": 1093763854,
    "l": 1093763854,
    "T": 1624711284829,
    "m": false
  },
  {
    "e": "aggTrade",
    "E": 1624711284835,
    "a": 647022078,
    "s": "BTCUSDT",
    "p": "31819.43",
    "q": "0.003",
    "f": 1093763855,
    "l": 1093763855,
    "T": 1624711284829,
    "m": false
  },
  {
    "e": "aggTrade",
    "E": 1624711284835,
    "a": 647022079,
    "s": "BTCUSDT",
    "p": "31819.76",
    "q": "0.039",
    "f": 1093763856,
    "l": 1093763856,
    "T": 1624711284829,
    "m": false
  },
  {
    "e": "aggTrade",
    "E": 1624711284847,
    "a": 647022080,
    "s": "BTCUSDT",
    "p": "31819.99",
    "q": "0.649",
    "f": 1093763857,
    "l": 1093763857,
    "T": 1624711284829,
    "m": false
  },
  {
    "e": "aggTrade",
    "E": 1624711284847,
    "a": 647022081,
    "s": "BTCUSDT",
    "p": "31820.00",
    "q": "5.918",
    "f": 1093763858,
    "l": 1093763859,
    "T": 1624711284844,
    "m": false
  },
  {
    "e": "aggTrade",
    "E": 1624711284847,
    "a": 647022082,
    "s": "BTCUSDT",
    "p": "31820.22",
    "q": "0.746",
    "f": 1093763860,
    "l": 1093763860,
    "T": 1624711284844,
    "m": false
  },
  {
    "e": "aggTrade",
    "E": 1624711284847,
    "a": 647022083,
    "s": "BTCUSDT",
    "p": "31820.26",
    "q": "0.169",
    "f": 1093763861,
    "l": 1093763861,
    "T": 1624711284844,
    "m": false
  },
  {
    "e": "aggTrade",
    "E": 1624711284847,
    "a": 647022084,
    "s": "BTCUSDT",
    "p": "31820.36",
    "q": "3.501",
    "f": 1093763862,
    "l": 1093763865,
    "T": 1624711284844,
    "m": false
  },
  {
    "e": "aggTrade",
    "E": 1624711284847,
    "a": 647022085,
    "s": "BTCUSDT",
    "p": "31820.52",
    "q": "0.040",
    "f": 1093763866,
    "l": 1093763866,
    "T": 1624711284844,
    "m": false
  },
  {
    "e": "aggTrade",
    "E": 1624711284849,
    "a": 647022086,
    "s": "BTCUSDT",
    "p": "31820.95",
    "q": "2.783",
    "f": 1093763867,
    "l": 1093763869,
    "T": 1624711284844,
    "m": false
  },
  {
    "e": "aggTrade",
    "E": 1624711284857,
    "a": 647022087,
    "s": "BTCUSDT",
    "p": "31817.23",
    "q": "0.066",
    "f": 1093763870,
    "l": 1093763870,
    "T": 1624711284846,
    "m": true
  },
  {
    "e": "aggTrade",
    "E": 1624711284857,
    "a": 647022088,
    "s": "BTCUSDT",
    "p": "31819.73",
    "q": "0.001",
    "f": 1093763871,
    "l": 1093763871,
    "T": 1624711284853,
    "m": false
  },
  {
    "e": "aggTrade",
    "E": 1624711284857,
    "a": 647022089,
    "s": "BTCUSDT",
    "p": "31820.22",
    "q": "0.020",
    "f": 1093763872,
    "l": 1093763872,
    "T": 1624711284853,
    "m": false
  },
  {
    "e": "aggTrade",
    "E": 1624711284861,
    "a": 647022090,
    "s": "BTCUSDT",
    "p": "31820.95",
    "q": "0.279",
    "f": 1093763873,
    "l": 1093763875,
    "T": 1624711284853,
    "m": false
  },
  {
    "e": "aggTrade",
    "E": 1624711284861,
    "a": 647022091,
    "s": "BTCUSDT",
    "p": "31819.12",
    "q": "0.290",
    "f": 1093763876,
    "l": 1093763876,
    "T": 1624711284858,
    "m": true
  },
  {
    "e": "aggTrade",
    "E": 1624711284864,
    "a": 647022092,
    "s": "BTCUSDT",
    "p": "31820.95",
    "q": "0.195",
    "f": 1093763877,
    "l": 1093763878,
    "T": 1624711284858,
    "m": false
  },
  {
    "e": "aggTrade",
    "E": 1624711284864,
    "a": 647022093,
    "s": "BTCUSDT",
    "p": "31819.99",
    "q": "0.234",
    "f": 1093763879,
    "l": 1093763879,
    "T": 1624711284861,
    "m": true
  },
  {
    "e": "aggTrade",
    "E": 1624711284866,
    "a": 647022094,
    "s": "BTCUSDT",
    "p": "31819.12",
    "q": "0.005",
    "f": 1093763880,
    "l": 1093763880,
    "T": 1624711284861,
    "m": true
  },
  {
    "e": "aggTrade",
    "E": 1624711284866,
    "a": 647022095,
    "s": "BTCUSDT",
    "p": "31821.05",
    "q": "0.001",
    "f": 1093763881,
    "l": 1093763881,
    "T": 1624711284863,
    "m": false
  },
  {
    "e": "aggTrade",
    "E": 1624711284866,
    "a": 647022096,
    "s": "BTCUSDT",
    "p": "31821.06",
    "q": "0.200",
    "f": 1093763882,
    "l": 1093763882,
    "T": 1624711284863,
    "m": false
  },
  {
    "e": "aggTrade",
    "E": 1624711284875,
    "a": 647022097,
    "s": "BTCUSDT",
    "p": "31821.26",
    "q": "0.904",
    "f": 1093763883,
    "l": 1093763883,
    "T": 1624711284863,
    "m": false
  },
  {
    "e": "aggTrade",
    "E": 1624711284892,
    "a": 647022098,
    "s": "BTCUSDT",
    "p": "31821.64",
    "q": "1.671",
    "f": 1093763884,
    "l": 1093763885,
    "T": 1624711284872,
    "m": false
  },
  {
    "e": "aggTrade",
    "E": 1624711284915,
    "a": 647022099,
    "s": "BTCUSDT",
    "p": "31821.49",
    "q": "0.016",
    "f": 1093763886,
    "l": 1093763887,
    "T": 1624711284891,
    "m": false
  },
  {
    "e": "aggTrade",
    "E": 1624711284916,
    "a": 647022100,
    "s": "BTCUSDT",
    "p": "31821.48",
    "q": "0.025",
    "f": 1093763888,
    "l": 1093763888,
    "T": 1624711284913,
    "m": true
  },
  {
    "e": "aggTrade",
    "E": 1624711284916,
    "a": 647022101,
    "s": "BTCUSDT",
    "p": "31821.49",
    "q": "0.002",
    "f": 1093763889,
    "l": 1093763889,
    "T": 1624711284914,
    "m": false
  },
  {
    "e": "aggTrade",
    "E": 1624711284916,
    "a": 647022102,
    "s": "BTCUSDT",
    "p": "31821.88",
    "q": "0.037",
    "f": 1093763890,
    "l": 1093763890,
    "T": 1624711284914,
    "m": false
  },
  {
    "e": "aggTrade",
    "E": 1624711284923,
    "a": 647022103,
    "s": "BTCUSDT",
    "p": "31821.90",
    "q": "0.011",
    "f": 1093763891,
    "l": 1093763891,
    "T": 1624711284914,
    "m": false
  },
  {
    "e": "aggTrade",
    "E": 1624711284923,
    "a": 647022104,
    "s": "BTCUSDT",
    "p": "31821.87",
    "q": "0.080",
    "f": 1093763892,
    "l": 1093763892,
    "T": 1624711284922,
    "m": true
  },
  {
    "e": "aggTrade",
    "E": 1624711284927,
    "a": 647022105,
    "s": "BTCUSDT",
    "p": "31821.63",
    "q": "0.155",
    "f": 1093763893,
    "l": 1093763893,
    "T": 1624711284922,
    "m": true
  },
  {
    "e": "aggTrade",
    "E": 1624711284962,
    "a": 647022106,
    "s": "BTCUSDT",
    "p": "31821.90",
    "q": "0.860",
    "f": 1093763894,
    "l": 1093763899,
    "T": 1624711284924,
    "m": false
  },
  {
    "e": "aggTrade",
    "E": 1624711284962,
    "a": 647022107,
    "s": "BTCUSDT",
    "p": "31821.95",
    "q": "0.020",
    "f": 1093763900,
    "l": 1093763900,
    "T": 1624711284960,
    "m": false
  },
  {
    "e": "aggTrade",
    "E": 1624711284994,
    "a": 647022108,
    "s": "BTCUSDT",
    "p": "31821.89",
    "q": "0.234",
    "f": 1093763901,
    "l": 1093763902,
    "T": 1624711284961,
    "m": true
  },
  {
    "e": "aggTrade",
    "E": 1624711285019,
    "a": 647022109,
    "s": "BTCUSDT",
    "p": "31821.95",
    "q": "0.201",
    "f": 1093763903,
    "l": 1093763906,
    "T": 1624711284990,
    "m": false
  },
  {
    "e": "aggTrade",
    "E": 1624711285019,
    "a": 647022110,
    "s": "BTCUSDT",
    "p": "31822.64",
    "q": "0.027",
    "f": 1093763907,
    "l": 1093763907,
    "T": 1624711285017,
    "m": false
  },
  {
    "e": "aggTrade",
    "E": 1624711285054,
    "a": 647022111,
    "s": "BTCUSDT",
    "p": "31822.98",
    "q": "1.000",
    "f": 1093763908,
    "l": 1093763911,
    "T": 1624711285017,
    "m": false
  },
  {
    "e": "aggTrade",
    "E": 1624711285057,
    "a": 647022112,
    "s": "BTCUSDT",
    "p": "31822.97",
    "q": "0.087",
    "f": 1093763912,
    "l": 1093763913,
    "T": 1624711285052,
    "m": true
  },
  {
    "e": "aggTrade",
    "E": 1624711285082,
    "a": 647022113,
    "s": "BTCUSDT",
    "p": "31823.19",
    "q": "0.100",
    "f": 1093763914,
    "l": 1093763914,
    "T": 1624711285055,
    "m": false
  },
  {
    "e": "aggTrade",
    "E": 1624711285188,
    "a": 647022114,
    "s": "BTCUSDT",
    "p": "31823.18",
    "q": "0.310",
    "f": 1093763915,
    "l": 1093763916,
    "T": 1624711285080,
    "m": true
  },
  {
    "e": "aggTrade",
    "E": 1624711285188,
    "a": 647022115,
    "s": "BTCUSDT",
    "p": "31823.19",
    "q": "0.025",
    "f": 1093763917,
    "l": 1093763917,
    "T": 1624711285183,
    "m": false
  },
  {
    "e": "aggTrade",
    "E": 1624711285188,
    "a": 647022116,
    "s": "BTCUSDT",
    "p": "31824.25",
    "q": "0.006",
    "f": 1093763918,
    "l": 1093763918,
    "T": 1624711285183,
    "m": false
  },
  {
    "e": "aggTrade",
    "E": 1624711285188,
    "a": 647022117,
    "s": "BTCUSDT",
    "p": "31824.41",
    "q": "0.027",
    "f": 1093763919,
    "l": 1093763919,
    "T": 1624711285183,
    "m": false
  },
  {
    "e": "aggTrade",
    "E": 1624711285188,
    "a": 647022118,
    "s": "BTCUSDT",
    "p": "31825.27",
    "q": "0.002",
    "f": 1093763920,
    "l": 1093763921,
    "T": 1624711285183,
    "m": false
  },
  {
    "e": "aggTrade",
    "E": 1624711285188,
    "a": 647022119,
    "s": "BTCUSDT",
    "p": "31825.55",
    "q": "0.001",
    "f": 1093763922,
    "l": 1093763922,
    "T": 1624711285183,
    "m": false
  },
  {
    "e": "aggTrade",
    "E": 1624711285188,
    "a": 647022120,
    "s": "BTCUSDT",
    "p": "31825.88",
    "q": "0.001",
    "f": 1093763923,
    "l": 1093763923,
    "T": 1624711285183,
    "m": false
  },
  {
    "e": "aggTrade",
    "E": 1624711285188,
    "a": 647022121,
    "s": "BTCUSDT",
    "p": "31826.00",
    "q": "0.027",
    "f": 1093763924,
    "l": 1093763924,
    "T": 1624711285183,
    "m": false
  },
  {
    "e": "aggTrade",
    "E": 1624711285188,
    "a": 647022122,
    "s": "BTCUSDT",
    "p": "31826.19",
    "q": "0.001",
    "f": 1093763925,
    "l": 1093763925,
    "T": 1624711285183,
    "m": false
  },
  {
    "e": "aggTrade",
    "E": 1624711285188,
    "a": 647022123,
    "s": "BTCUSDT",
    "p": "31827.43",
    "q": "0.003",
    "f": 1093763926,
    "l": 1093763926,
    "T": 1624711285183,
    "m": false
  },
  {
    "e": "aggTrade",
    "E": 1624711285263,
    "a": 647022124,
    "s": "BTCUSDT",
    "p": "31828.00",
    "q": "0.101",
    "f": 1093763927,
    "l": 1093763928,
    "T": 1624711285183,
    "m": false
  },
  {
    "e": "aggTrade",
    "E": 1624711285275,
    "a": 647022125,
    "s": "BTCUSDT",
    "p": "31828.16",
    "q": "0.050",
    "f": 1093763929,
    "l": 1093763929,
    "T": 1624711285252,
    "m": false
  },
  {
    "e": "aggTrade",
    "E": 1624711285275,
    "a": 647022126,
    "s": "BTCUSDT",
    "p": "31827.29",
    "q": "0.003",
    "f": 1093763930,
    "l": 1093763930,
    "T": 1624711285274,
    "m": false
  },
  {
    "e": "aggTrade",
    "E": 1624711285284,
    "a": 647022127,
    "s": "BTCUSDT",
    "p": "31827.66",
    "q": "0.013",
    "f": 1093763931,
    "l": 1093763931,
    "T": 1624711285274,
    "m": false
  },
  {
    "e": "aggTrade",
    "E": 1624711285305,
    "a": 647022128,
    "s": "BTCUSDT",
    "p": "31825.63",
    "q": "0.009",
    "f": 1093763932,
    "l": 1093763932,
    "T": 1624711285283,
    "m": true
  },
  {
    "e": "aggTrade",
    "E": 1624711285314,
    "a": 647022129,
    "s": "BTCUSDT",
    "p": "31827.76",
    "q": "0.010",
    "f": 1093763933,
    "l": 1093763933,
    "T": 1624711285302,
    "m": true
  },
  {
    "e": "aggTrade",
    "E": 1624711285429,
    "a": 647022130,
    "s": "BTCUSDT",
    "p": "31828.15",
    "q": "0.002",
    "f": 1093763934,
    "l": 1093763934,
    "T": 1624711285312,
    "m": true
  },
  {
    "e": "aggTrade",
    "E": 1624711285478,
    "a": 647022131,
    "s": "BTCUSDT",
    "p": "31828.15",
    "q": "0.204",
    "f": 1093763935,
    "l": 1093763937,
    "T": 1624711285427,
    "m": true
  },
  {
    "e": "aggTrade",
    "E": 1624711285478,
    "a": 647022132,
    "s": "BTCUSDT",
    "p": "31828.06",
    "q": "0.002",
    "f": 1093763938,
    "l": 1093763939,
    "T": 1624711285473,
    "m": true
  },
  {
    "e": "aggTrade",
    "E": 1624711285478,
    "a": 647022133,
    "s": "BTCUSDT",
    "p": "31827.18",
    "q": "0.134",
    "f": 1093763940,
    "l": 1093763940,
    "T": 1624711285473,
    "m": true
  },
  {
    "e": "aggTrade",
    "E": 1624711285533,
    "a": 647022134,
    "s": "BTCUSDT",
    "p": "31826.91",
    "q": "0.022",
    "f": 1093763941,
    "l": 1093763941,
    "T": 1624711285473,
    "m": true
  },
  {
    "e": "aggTrade",
    "E": 1624711285616,
    "a": 647022135,
    "s": "BTCUSDT",
    "p": "31827.18",
    "q": "0.009",
    "f": 1093763942,
    "l": 1093763942,
    "T": 1624711285529,
    "m": true
  },
  {
    "e": "aggTrade",
    "E": 1624711285677,
    "a": 647022136,
    "s": "BTCUSDT",
    "p": "31827.19",
    "q": "0.029",
    "f": 1093763943,
    "l": 1093763944,
    "T": 1624711285612,
    "m": false
  },
  {
    "e": "aggTrade",
    "E": 1624711285679,
    "a": 647022137,
    "s": "BTCUSDT",
    "p": "31827.18",
    "q": "0.010",
    "f": 1093763945,
    "l": 1093763945,
    "T": 1624711285673,
    "m": true
  },
  {
    "e": "aggTrade",
    "E": 1624711285697,
    "a": 647022138,
    "s": "BTCUSDT",
    "p": "31827.19",
    "q": "0.002",
    "f": 1093763946,
    "l": 1093763946,
    "T": 1624711285675,
    "m": false
  },
  {
    "e": "aggTrade",
    "E": 1624711285832,
    "a": 647022139,
    "s": "BTCUSDT",
    "p": "31827.18",
    "q": "0.039",
    "f": 1093763947,
    "l": 1093763949,
    "T": 1624711285691,
    "m": true
  },
  {
    "e": "aggTrade",
    "E": 1624711285963,
    "a": 647022140,
    "s": "BTCUSDT",
    "p": "31827.18",
    "q": "0.325",
    "f": 1093763950,
    "l": 1093763952,
    "T": 1624711285825,
    "m": true
  },
  {
    "e": "aggTrade",
    "E": 1624711285977,
    "a": 647022141,
    "s": "BTCUSDT",
    "p": "31827.18",
    "q": "0.011",
    "f": 1093763953,
    "l": 1093763953,
    "T": 1624711285957,
    "m": true
  },
  {
    "e": "aggTrade",
    "E": 1624711285977,
    "a": 647022142,
    "s": "BTCUSDT",
    "p": "31827.19",
    "q": "0.251",
    "f": 1093763954,
    "l": 1093763955,
    "T": 1624711285972,
    "m": false
  },
  {
    "e": "aggTrade",
    "E": 1624711286042,
    "a": 647022143,
    "s": "BTCUSDT",
    "p": "31827.18",
    "q": "0.014",
    "f": 1093763956,
    "l": 1093763957,
    "T": 1624711285972,
    "m": true
  },
  {
    "e": "aggTrade",
    "E": 1624711286193,
    "a": 647022144,
    "s": "BTCUSDT",
    "p": "31827.19",
    "q": "0.233",
    "f": 1093763958,
    "l": 1093763967,
    "T": 1624711286037,
    "m": false
  },
  {
    "e": "aggTrade",
    "E": 1624711286219,
    "a": 647022145,
    "s": "BTCUSDT",
    "p": "31827.18",
    "q": "0.393",
    "f": 1093763968,
    "l": 1093763969,
    "T": 1624711286192,
    "m": true
  },
  {
    "e": "aggTrade",
    "E": 1624711286226,
    "a": 647022146,
    "s": "BTCUSDT",
    "p": "31827.19",
    "q": "0.415",
    "f": 1093763970,
    "l": 1093763980,
    "T": 1624711286215,
    "m": false
  },
  {
    "e": "aggTrade",
    "E": 1624711286235,
    "a": 647022147,
    "s": "BTCUSDT",
    "p": "31828.31",
    "q": "0.003",
    "f": 1093763981,
    "l": 1093763981,
    "T": 1624711286222,
    "m": true
  },
  {
    "e": "aggTrade",
    "E": 1624711286235,
    "a": 647022148,
    "s": "BTCUSDT",
    "p": "31828.48",
    "q": "0.001",
    "f": 1093763982,
    "l": 1093763982,
    "T": 1624711286229,
    "m": false
  },
  {
    "e": "aggTrade",
    "E": 1624711286265,
    "a": 647022149,
    "s": "BTCUSDT",
    "p": "31828.87",
    "q": "0.050",
    "f": 1093763983,
    "l": 1093763983,
    "T": 1624711286229,
    "m": false
  },
  {
    "e": "aggTrade",
    "E": 1624711286301,
    "a": 647022150,
    "s": "BTCUSDT",
    "p": "31829.97",
    "q": "0.027",
    "f": 1093763984,
    "l": 1093763984,
    "T": 1624711286260,
    "m": false
  },
  {
    "e": "aggTrade",
    "E": 1624711286350,
    "a": 647022151,
    "s": "BTCUSDT",
    "p": "31829.96",
    "q": "0.154",
    "f": 1093763985,
    "l": 1093763985,
    "T": 1624711286296,
    "m": true
  },
  {
    "e": "aggTrade",
    "E": 1624711286350,
    "a": 647022152,
    "s": "BTCUSDT",
    "p": "31829.97",
    "q": "0.131",
    "f": 1093763986,
    "l": 1093763986,
    "T": 1624711286345,
    "m": false
  },
  {
    "e": "aggTrade",
    "E": 1624711286350,
    "a": 647022153,
    "s": "BTCUSDT",
    "p": "31830.00",
    "q": "0.904",
    "f": 1093763987,
    "l": 1093763991,
    "T": 1624711286345,
    "m": false
  },
  {
    "e": "aggTrade",
    "E": 1624711286350,
    "a": 647022154,
    "s": "BTCUSDT",
    "p": "31830.11",
    "q": "0.003",
    "f": 1093763992,
    "l": 1093763992,
    "T": 1624711286345,
    "m": false
  },
  {
    "e": "aggTrade",
    "E": 1624711286350,
    "a": 647022155,
    "s": "BTCUSDT",
    "p": "31830.13",
    "q": "0.001",
    "f": 1093763993,
    "l": 1093763993,
    "T": 1624711286345,
    "m": false
  },
  {
    "e": "aggTrade",
    "E": 1624711286350,
    "a": 647022156,
    "s": "BTCUSDT",
    "p": "31830.24",
    "q": "0.002",
    "f": 1093763994,
    "l": 1093763994,
    "T": 1624711286345,
    "m": false
  },
  {
    "e": "aggTrade",
    "E": 1624711286350,
    "a": 647022157,
    "s": "BTCUSDT",
    "p": "31830.33",
    "q": "0.001",
    "f": 1093763995,
    "l": 1093763995,
    "T": 1624711286345,
    "m": false
  },
  {
    "e": "aggTrade",
    "E": 1624711286350,
    "a": 647022158,
    "s": "BTCUSDT",
    "p": "31831.00",
    "q": "0.050",
    "f": 1093763996,
    "l": 1093763996,
    "T": 1624711286345,
    "m": false
  },
  {
    "e": "aggTrade",
    "E": 1624711286350,
    "a": 647022159,
    "s": "BTCUSDT",
    "p": "31831.02",
    "q": "0.050",
    "f": 1093763997,
    "l": 1093763997,
    "T": 1624711286345,
    "m": false
  },
  {
    "e": "aggTrade",
    "E": 1624711286368,
    "a": 647022160,
    "s": "BTCUSDT",
    "p": "31831.06",
    "q": "0.027",
    "f": 1093763998,
    "l": 1093763998,
    "T": 1624711286345,
    "m": false
  },
  {
    "e": "aggTrade",
    "E": 1624711286369,
    "a": 647022161,
    "s": "BTCUSDT",
    "p": "31831.20",
    "q": "0.001",
    "f": 1093763999,
    "l": 1093763999,
    "T": 1624711286362,
    "m": false
  },
  {
    "e": "aggTrade",
    "E": 1624711286374,
    "a": 647022162,
    "s": "BTCUSDT",
    "p": "31832.00",
    "q": "0.001",
    "f": 1093764000,
    "l": 1093764000,
    "T": 1624711286362,
    "m": false
  },
  {
    "e": "aggTrade",
    "E": 1624711286374,
    "a": 647022163,
    "s": "BTCUSDT",
    "p": "31832.66",
    "q": "0.010",
    "f": 1093764001,
    "l": 1093764001,
    "T": 1624711286369,
    "m": true
  },
  {
    "e": "aggTrade",
    "E": 1624711286374,
    "a": 647022164,
    "s": "BTCUSDT",
    "p": "31832.32",
    "q": "1.336",
    "f": 1093764002,
    "l": 1093764002,
    "T": 1624711286369,
    "m": true
  },
  {
    "e": "aggTrade",
    "E": 1624711286374,
    "a": 647022165,
    "s": "BTCUSDT",
    "p": "31831.99",
    "q": "0.250",
    "f": 1093764003,
    "l": 1093764005,
    "T": 1624711286369,
    "m": true
  },
  {
    "e": "aggTrade",
    "E": 1624711286411,
    "a": 647022166,
    "s": "BTCUSDT",
    "p": "31831.19",
    "q": "2.578",
    "f": 1093764006,
    "l": 1093764009,
    "T": 1624711286369,
    "m": true
  },
  {
    "e": "aggTrade",
    "E": 1624711286490,
    "a": 647022167,
    "s": "BTCUSDT",
    "p": "31832.67",
    "q": "0.148",
    "f": 1093764010,
    "l": 1093764013,
    "T": 1624711286406,
    "m": false
  },
  {
    "e": "aggTrade",
    "E": 1624711286519,
    "a": 647022168,
    "s": "BTCUSDT",
    "p": "31832.66",
    "q": "0.011",
    "f": 1093764014,
    "l": 1093764014,
    "T": 1624711286487,
    "m": true
  },
  {
    "e": "aggTrade",
    "E": 1624711286532,
    "a": 647022169,
    "s": "BTCUSDT",
    "p": "31832.67",
    "q": "0.275",
    "f": 1093764015,
    "l": 1093764015,
    "T": 1624711286514,
    "m": false
  },
  {
    "e": "aggTrade",
    "E": 1624711286565,
    "a": 647022170,
    "s": "BTCUSDT",
    "p": "31832.66",
    "q": "0.014",
    "f": 1093764016,
    "l": 1093764016,
    "T": 1624711286530,
    "m": true
  },
  {
    "e": "aggTrade",
    "E": 1624711286565,
    "a": 647022171,
    "s": "BTCUSDT",
    "p": "31832.67",
    "q": "0.004",
    "f": 1093764017,
    "l": 1093764017,
    "T": 1624711286560,
    "m": false
  },
  {
    "e": "aggTrade",
    "E": 1624711286565,
    "a": 647022172,
    "s": "BTCUSDT",
    "p": "31833.29",
    "q": "0.290",
    "f": 1093764018,
    "l": 1093764018,
    "T": 1624711286560,
    "m": false
  },
  {
    "e": "aggTrade",
    "E": 1624711286565,
    "a": 647022173,
    "s": "BTCUSDT",
    "p": "31833.74",
    "q": "0.002",
    "f": 1093764019,
    "l": 1093764019,
    "T": 1624711286560,
    "m": false
  },
  {
    "e": "aggTrade",
    "E": 1624711286578,
    "a": 647022174,
    "s": "BTCUSDT",
    "p": "31834.00",
    "q": "0.036",
    "f": 1093764020,
    "l": 1093764021,
    "T": 1624711286560,
    "m": false
  },
  {
    "e": "aggTrade",
    "E": 1624711286578,
    "a": 647022175,
    "s": "BTCUSDT",
    "p": "31835.00",
    "q": "0.040",
    "f": 1093764022,
    "l": 1093764022,
    "T": 1624711286575,
    "m": false
  },
  {
    "e": "aggTrade",
    "E": 1624711286578,
    "a": 647022176,
    "s": "BTCUSDT",
    "p": "31835.73",
    "q": "0.020",
    "f": 1093764023,
    "l": 1093764023,
    "T": 1624711286575,
    "m": false
  },
  {
    "e": "aggTrade",
    "E": 1624711286675,
    "a": 647022177,
    "s": "BTCUSDT",
    "p": "31836.28",
    "q": "0.330",
    "f": 1093764024,
    "l": 1093764024,
    "T": 1624711286575,
    "m": false
  },
  {
    "e": "aggTrade",
    "E": 1624711286676,
    "a": 647022178,
    "s": "BTCUSDT",
    "p": "31836.00",
    "q": "0.004",
    "f": 1093764025,
    "l": 1093764028,
    "T": 1624711286672,
    "m": true
  },
  {
    "e": "aggTrade",
    "E": 1624711286676,
    "a": 647022179,
    "s": "BTCUSDT",
    "p": "31835.94",
    "q": "0.014",
    "f": 1093764029,
    "l": 1093764042,
    "T": 1624711286672,
    "m": true
  },
  {
    "e": "aggTrade",
    "E": 1624711286715,
    "a": 647022180,
    "s": "BTCUSDT",
    "p": "31834.97",
    "q": "0.119",
    "f": 1093764043,
    "l": 1093764043,
    "T": 1624711286672,
    "m": true
  },
  {
    "e": "aggTrade",
    "E": 1624711286788,
    "a": 647022181,
    "s": "BTCUSDT",
    "p": "31835.95",
    "q": "0.003",
    "f": 1093764044,
    "l": 1093764044,
    "T": 1624711286711,
    "m": false
  },
  {
    "e": "aggTrade",
    "E": 1624711286788,
    "a": 647022182,
    "s": "BTCUSDT",
    "p": "31835.94",
    "q": "0.001",
    "f": 1093764045,
    "l": 1093764045,
    "T": 1624711286784,
    "m": true
  },
  {
    "e": "aggTrade",
    "E": 1624711286788,
    "a": 647022183,
    "s": "BTCUSDT",
    "p": "31834.97",
    "q": "0.041",
    "f": 1093764046,
    "l": 1093764046,
    "T": 1624711286784,
    "m": true
  },
  {
    "e": "aggTrade",
    "E": 1624711286788,
    "a": 647022184,
    "s": "BTCUSDT",
    "p": "31834.75",
    "q": "0.001",
    "f": 1093764047,
    "l": 1093764047,
    "T": 1624711286784,
    "m": true
  },
  {
    "e": "aggTrade",
    "E": 1624711286789,
    "a": 647022185,
    "s": "BTCUSDT",
    "p": "31834.70",
    "q": "1.109",
    "f": 1093764048,
    "l": 1093764048,
    "T": 1624711286784,
    "m": true
  },
  {
    "e": "aggTrade",
    "E": 1624711286798,
    "a": 647022186,
    "s": "BTCUSDT",
    "p": "31834.48",
    "q": "0.118",
    "f": 1093764049,
    "l": 1093764049,
    "T": 1624711286784,
    "m": true
  },
  {
    "e": "aggTrade",
    "E": 1624711286821,
    "a": 647022187,
    "s": "BTCUSDT",
    "p": "31834.76",
    "q": "0.029",
    "f": 1093764050,
    "l": 1093764050,
    "T": 1624711286792,
    "m": false
  },
  {
    "e": "aggTrade",
    "E": 1624711286825,
    "a": 647022188,
    "s": "BTCUSDT",
    "p": "31834.49",
    "q": "0.385",
    "f": 1093764051,
    "l": 1093764052,
    "T": 1624711286816,
    "m": false
  },
  {
    "e": "aggTrade",
    "E": 1624711286825,
    "a": 647022189,
    "s": "BTCUSDT",
    "p": "31834.23",
    "q": "0.001",
    "f": 1093764053,
    "l": 1093764053,
    "T": 1624711286820,
    "m": true
  },
  {
    "e": "aggTrade",
    "E": 1624711286926,
    "a": 647022190,
    "s": "BTCUSDT",
    "p": "31834.00",
    "q": "0.074",
    "f": 1093764054,
    "l": 1093764058,
    "T": 1624711286820,
    "m": true
  },
  {
    "e": "aggTrade",
    "E": 1624711286990,
    "a": 647022191,
    "s": "BTCUSDT",
    "p": "31834.01",
    "q": "0.009",
    "f": 1093764059,
    "l": 1093764060,
    "T": 1624711286920,
    "m": false
  },
  {
    "e": "aggTrade",
    "E": 1624711287087,
    "a": 647022192,
    "s": "BTCUSDT",
    "p": "31834.00",
    "q": "0.048",
    "f": 1093764061,
    "l": 1093764061,
    "T": 1624711286985,
    "m": true
  },
  {
    "e": "aggTrade",
    "E": 1624711287087,
    "a": 647022193,
    "s": "BTCUSDT",
    "p": "31834.01",
    "q": "0.120",
    "f": 1093764062,
    "l": 1093764066,
    "T": 1624711287082,
    "m": false
  },
  {
    "e": "aggTrade",
    "E": 1624711287087,
    "a": 647022194,
    "s": "BTCUSDT",
    "p": "31834.48",
    "q": "0.002",
    "f": 1093764067,
    "l": 1093764068,
    "T": 1624711287082,
    "m": false
  },
  {
    "e": "aggTrade",
    "E": 1624711287087,
    "a": 647022195,
    "s": "BTCUSDT",
    "p": "31834.49",
    "q": "0.074",
    "f": 1093764069,
    "l": 1093764069,
    "T": 1624711287082,
    "m": false
  },
  {
    "e": "aggTrade",
    "E": 1624711287087,
    "a": 647022196,
    "s": "BTCUSDT",
    "p": "31834.97",
    "q": "0.001",
    "f": 1093764070,
    "l": 1093764070,
    "T": 1624711287082,
    "m": false
  },
  {
    "e": "aggTrade",
    "E": 1624711287087,
    "a": 647022197,
    "s": "BTCUSDT",
    "p": "31835.45",
    "q": "0.019",
    "f": 1093764071,
    "l": 1093764071,
    "T": 1624711287082,
    "m": false
  },
  {
    "e": "aggTrade",
    "E": 1624711287087,
    "a": 647022198,
    "s": "BTCUSDT",
    "p": "31835.94",
    "q": "0.006",
    "f": 1093764072,
    "l": 1093764077,
    "T": 1624711287082,
    "m": false
  },
  {
    "e": "aggTrade",
    "E": 1624711287087,
    "a": 647022199,
    "s": "BTCUSDT",
    "p": "31835.95",
    "q": "0.036",
    "f": 1093764078,
    "l": 1093764079,
    "T": 1624711287082,
    "m": false
  },
  {
    "e": "aggTrade",
    "E": 1624711287087,
    "a": 647022200,
    "s": "BTCUSDT",
    "p": "31836.00",
    "q": "0.001",
    "f": 1093764080,
    "l": 1093764080,
    "T": 1624711287082,
    "m": false
  },
  {
    "e": "aggTrade",
    "E": 1624711287087,
    "a": 647022201,
    "s": "BTCUSDT",
    "p": "31836.10",
    "q": "0.003",
    "f": 1093764081,
    "l": 1093764083,
    "T": 1624711287082,
    "m": false
  },
  {
    "e": "aggTrade",
    "E": 1624711287087,
    "a": 647022202,
    "s": "BTCUSDT",
    "p": "31836.20",
    "q": "0.004",
    "f": 1093764084,
    "l": 1093764087,
    "T": 1624711287082,
    "m": false
  },
  {
    "e": "aggTrade",
    "E": 1624711287087,
    "a": 647022203,
    "s": "BTCUSDT",
    "p": "31837.07",
    "q": "0.015",
    "f": 1093764088,
    "l": 1093764088,
    "T": 1624711287082,
    "m": false
  },
  {
    "e": "aggTrade",
    "E": 1624711287087,
    "a": 647022204,
    "s": "BTCUSDT",
    "p": "31837.10",
    "q": "0.493",
    "f": 1093764089,
    "l": 1093764089,
    "T": 1624711287082,
    "m": false
  },
  {
    "e": "aggTrade",
    "E": 1624711287087,
    "a": 647022205,
    "s": "BTCUSDT",
    "p": "31836.96",
    "q": "0.006",
    "f": 1093764090,
    "l": 1093764090,
    "T": 1624711287082,
    "m": false
  },
  {
    "e": "aggTrade",
    "E": 1624711287103,
    "a": 647022206,
    "s": "BTCUSDT",
    "p": "31837.10",
    "q": "0.069",
    "f": 1093764091,
    "l": 1093764091,
    "T": 1624711287082,
    "m": false
  },
  {
    "e": "aggTrade",
    "E": 1624711287203,
    "a": 647022207,
    "s": "BTCUSDT",
    "p": "31834.01",
    "q": "0.121",
    "f": 1093764092,
    "l": 1093764092,
    "T": 1624711287098,
    "m": true
  },
  {
    "e": "aggTrade",
    "E": 1624711287211,
    "a": 647022208,
    "s": "BTCUSDT",
    "p": "31835.00",
    "q": "0.170",
    "f": 1093764093,
    "l": 1093764093,
    "T": 1624711287197,
    "m": false
  },
  {
    "e": "aggTrade",
    "E": 1624711287211,
    "a": 647022209,
    "s": "BTCUSDT",
    "p": "31834.95",
    "q": "0.001",
    "f": 1093764094,
    "l": 1093764094,
    "T": 1624711287207,
    "m": true
  },
  {
    "e": "aggTrade",
    "E": 1624711287215,
    "a": 647022210,
    "s": "BTCUSDT",
    "p": "31834.51",
    "q": "0.001",
    "f": 1093764095,
    "l": 1093764095,
    "T": 1624711287207,
    "m": true
  },
  {
    "e": "aggTrade",
    "E": 1624711287281,
    "a": 647022211,
    "s": "BTCUSDT",
    "p": "31834.52",
    "q": "0.001",
    "f": 1093764096,
    "l": 1093764096,
    "T": 1624711287212,
    "m": true
  },
  {
    "e": "aggTrade",
    "E": 1624711287305,
    "a": 647022212,
    "s": "BTCUSDT",
    "p": "31834.02",
    "q": "0.008",
    "f": 1093764097,
    "l": 1093764097,
    "T": 1624711287276,
    "m": true
  },
  {
    "e": "aggTrade",
    "E": 1624711287315,
    "a": 647022213,
    "s": "BTCUSDT",
    "p": "31834.03",
    "q": "0.017",
    "f": 1093764098,
    "l": 1093764098,
    "T": 1624711287301,
    "m": true
  },
  {
    "e": "aggTrade",
    "E": 1624711287330,
    "a": 647022214,
    "s": "BTCUSDT",
    "p": "31834.79",
    "q": "0.049",
    "f": 1093764099,
    "l": 1093764100,
    "T": 1624711287311,
    "m": true
  },
  {
    "e": "aggTrade",
    "E": 1624711287434,
    "a": 647022215,
    "s": "BTCUSDT",
    "p": "31834.80",
    "q": "1.228",
    "f": 1093764101,
    "l": 1093764112,
    "T": 1624711287327,
    "m": false
  },
  {
    "e": "aggTrade",
    "E": 1624711287546,
    "a": 647022216,
    "s": "BTCUSDT",
    "p": "31834.80",
    "q": "0.008",
    "f": 1093764113,
    "l": 1093764113,
    "T": 1624711287429,
    "m": false
  },
  {
    "e": "aggTrade",
    "E": 1624711287599,
    "a": 647022217,
    "s": "BTCUSDT",
    "p": "31835.00",
    "q": "0.006",
    "f": 1093764114,
    "l": 1093764115,
    "T": 1624711287540,
    "m": false
  },
  {
    "e": "aggTrade",
    "E": 1624711287612,
    "a": 647022218,
    "s": "BTCUSDT",
    "p": "31834.99",
    "q": "0.020",
    "f": 1093764116,
    "l": 1093764116,
    "T": 1624711287595,
    "m": true
  },
  {
    "e": "aggTrade",
    "E": 1624711287650,
    "a": 647022219,
    "s": "BTCUSDT",
    "p": "31835.00",
    "q": "0.004",
    "f": 1093764117,
    "l": 1093764117,
    "T": 1624711287607,
    "m": false
  },
  {
    "e": "aggTrade",
    "E": 1624711287650,
    "a": 647022220,
    "s": "BTCUSDT",
    "p": "31834.99",
    "q": "0.043",
    "f": 1093764118,
    "l": 1093764118,
    "T": 1624711287646,
    "m": true
  },
  {
    "e": "aggTrade",
    "E": 1624711287719,
    "a": 647022221,
    "s": "BTCUSDT",
    "p": "31835.00",
    "q": "2.952",
    "f": 1093764119,
    "l": 1093764122,
    "T": 1624711287647,
    "m": false
  },
  {
    "e": "aggTrade",
    "E": 1624711287753,
    "a": 647022222,
    "s": "BTCUSDT",
    "p": "31834.99",
    "q": "0.067",
    "f": 1093764123,
    "l": 1093764125,
    "T": 1624711287714,
    "m": true
  },
  {
    "e": "aggTrade",
    "E": 1624711287753,
    "a": 647022223,
    "s": "BTCUSDT",
    "p": "31835.01",
    "q": "0.021",
    "f": 1093764126,
    "l": 1093764127,
    "T": 1624711287748,
    "m": false
  },
  {
    "e": "aggTrade",
    "E": 1624711287753,
    "a": 647022224,
    "s": "BTCUSDT",
    "p": "31835.33",
    "q": "0.001",
    "f": 1093764128,
    "l": 1093764128,
    "T": 1624711287748,
    "m": false
  },
  {
    "e": "aggTrade",
    "E": 1624711287787,
    "a": 647022225,
    "s": "BTCUSDT",
    "p": "31836.00",
    "q": "1.020",
    "f": 1093764129,
    "l": 1093764131,
    "T": 1624711287748,
    "m": false
  },
  {
    "e": "aggTrade",
    "E": 1624711287787,
    "a": 647022226,
    "s": "BTCUSDT",
    "p": "31836.41",
    "q": "0.009",
    "f": 1093764132,
    "l": 1093764132,
    "T": 1624711287782,
    "m": false
  },
  {
    "e": "aggTrade",
    "E": 1624711287787,
    "a": 647022227,
    "s": "BTCUSDT",
    "p": "31836.93",
    "q": "0.001",
    "f": 1093764133,
    "l": 1093764133,
    "T": 1624711287782,
    "m": false
  },
  {
    "e": "aggTrade",
    "E": 1624711287787,
    "a": 647022228,
    "s": "BTCUSDT",
    "p": "31837.44",
    "q": "0.003",
    "f": 1093764134,
    "l": 1093764134,
    "T": 1624711287782,
    "m": false
  },
  {
    "e": "aggTrade",
    "E": 1624711287840,
    "a": 647022229,
    "s": "BTCUSDT",
    "p": "31837.46",
    "q": "0.432",
    "f": 1093764135,
    "l": 1093764135,
    "T": 1624711287782,
    "m": false
  },
  {
    "e": "aggTrade",
    "E": 1624711287951,
    "a": 647022230,
    "s": "BTCUSDT",
    "p": "31837.45",
    "q": "0.039",
    "f": 1093764136,
    "l": 1093764136,
    "T": 1624711287835,
    "m": true
  },
  {
    "e": "aggTrade",
    "E": 1624711287957,
    "a": 647022231,
    "s": "BTCUSDT",
    "p": "31837.46",
    "q": "0.010",
    "f": 1093764137,
    "l": 1093764137,
    "T": 1624711287946,
    "m": false
  },
  {
    "e": "aggTrade",
    "E": 1624711287971,
    "a": 647022232,
    "s": "BTCUSDT",
    "p": "31837.45",
    "q": "0.023",
    "f": 1093764138,
    "l": 1093764139,
    "T": 1624711287953,
    "m": true
  },
  {
    "e": "aggTrade",
    "E": 1624711287987,
    "a": 647022233,
    "s": "BTCUSDT",
    "p": "31837.46",
    "q": "2.716",
    "f": 1093764140,
    "l": 1093764143,
    "T": 1624711287967,
    "m": false
  },
  {
    "e": "aggTrade",
    "E": 1624711288075,
    "a": 647022234,
    "s": "BTCUSDT",
    "p": "31837.45",
    "q": "0.207",
    "f": 1093764144,
    "l": 1093764148,
    "T": 1624711287984,
    "m": true
  },
  {
    "e": "aggTrade",
    "E": 1624711288077,
    "a": 647022235,
    "s": "BTCUSDT",
    "p": "31837.46",
    "q": "0.010",
    "f": 1093764149,
    "l": 1093764149,
    "T": 1624711288070,
    "m": false
  },
  {
    "e": "aggTrade",
    "E": 1624711288101,
    "a": 647022236,
    "s": "BTCUSDT",
    "p": "31837.45",
    "q": "0.051",
    "f": 1093764150,
    "l": 1093764150,
    "T": 1624711288074,
    "m": true
  },
  {
    "e": "aggTrade",
    "E": 1624711288101,
    "a": 647022237,
    "s": "BTCUSDT",
    "p": "31837.46",
    "q": "1.088",
    "f": 1093764151,
    "l": 1093764151,
    "T": 1624711288096,
    "m": false
  },
  {
    "e": "aggTrade",
    "E": 1624711288101,
    "a": 647022238,
    "s": "BTCUSDT",
    "p": "31837.48",
    "q": "0.100",
    "f": 1093764152,
    "l": 1093764152,
    "T": 1624711288096,
    "m": false
  },
  {
    "e": "aggTrade",
    "E": 1624711288101,
    "a": 647022239,
    "s": "BTCUSDT",
    "p": "31837.68",
    "q": "0.001",
    "f": 1093764153,
    "l": 1093764153,
    "T": 1624711288096,
    "m": false
  },
  {
    "e": "aggTrade",
    "E": 1624711288101,
    "a": 647022240,
    "s": "BTCUSDT",
    "p": "31838.00",
    "q": "0.001",
    "f": 1093764154,
    "l": 1093764154,
    "T": 1624711288096,
    "m": false
  },
  {
    "e": "aggTrade",
    "E": 1624711288101,
    "a": 647022241,
    "s": "BTCUSDT",
    "p": "31838.57",
    "q": "0.001",
    "f": 1093764155,
    "l": 1093764155,
    "T": 1624711288096,
    "m": false
  },
  {
    "e": "aggTrade",
    "E": 1624711288101,
    "a": 647022242,
    "s": "BTCUSDT",
    "p": "31839.10",
    "q": "1.109",
    "f": 1093764156,
    "l": 1093764156,
    "T": 1624711288096,
    "m": false
  },
  {
    "e": "aggTrade",
    "E": 1624711288151,
    "a": 647022243,
    "s": "BTCUSDT",
    "p": "31839.96",
    "q": "0.134",
    "f": 1093764157,
    "l": 1093764157,
    "T": 1624711288096,
    "m": false
  },
  {
    "e": "aggTrade",
    "E": 1624711288171,
    "a": 647022244,
    "s": "BTCUSDT",
    "p": "31839.95",
    "q": "1.630",
    "f": 1093764158,
    "l": 1093764163,
    "T": 1624711288146,
    "m": true
  },
  {
    "e": "aggTrade",
    "E": 1624711288171,
    "a": 647022245,
    "s": "BTCUSDT",
    "p": "31838.75",
    "q": "0.314",
    "f": 1093764164,
    "l": 1093764164,
    "T": 1624711288165,
    "m": true
  },
  {
    "e": "aggTrade",
    "E": 1624711288176,
    "a": 647022246,
    "s": "BTCUSDT",
    "p": "31837.67",
    "q": "0.963",
    "f": 1093764165,
    "l": 1093764167,
    "T": 1624711288165,
    "m": true
  },
  {
    "e": "aggTrade",
    "E": 1624711288176,
    "a": 647022247,
    "s": "BTCUSDT",
    "p": "31837.57",
    "q": "0.006",
    "f": 1093764168,
    "l": 1093764168,
    "T": 1624711288168,
    "m": true
  },
  {
    "e": "aggTrade",
    "E": 1624711288176,
    "a": 647022248,
    "s": "BTCUSDT",
    "p": "31837.54",
    "q": "0.100",
    "f": 1093764169,
    "l": 1093764169,
    "T": 1624711288168,
    "m": true
  },
  {
    "e": "aggTrade",
    "E": 1624711288176,
    "a": 647022249,
    "s": "BTCUSDT",
    "p": "31837.47",
    "q": "0.414",
    "f": 1093764170,
    "l": 1093764173,
    "T": 1624711288168,
    "m": true
  },
  {
    "e": "aggTrade",
    "E": 1624711288176,
    "a": 647022250,
    "s": "BTCUSDT",
    "p": "31837.46",
    "q": "0.259",
    "f": 1093764174,
    "l": 1093764175,
    "T": 1624711288168,
    "m": true
  },
  {
    "e": "aggTrade",
    "E": 1624711288177,
    "a": 647022251,
    "s": "BTCUSDT",
    "p": "31837.45",
    "q": "0.471",
    "f": 1093764176,
    "l": 1093764179,
    "T": 1624711288168,
    "m": true
  },
  {
    "e": "aggTrade",
    "E": 1624711288179,
    "a": 647022252,
    "s": "BTCUSDT",
    "p": "31836.54",
    "q": "0.154",
    "f": 1093764180,
    "l": 1093764180,
    "T": 1624711288168,
    "m": true
  },
  {
    "e": "aggTrade",
    "E": 1624711288179,
    "a": 647022253,
    "s": "BTCUSDT",
    "p": "31837.57",
    "q": "0.006",
    "f": 1093764181,
    "l": 1093764181,
    "T": 1624711288169,
    "m": true
  },
  {
    "e": "aggTrade",
    "E": 1624711288179,
    "a": 647022254,
    "s": "BTCUSDT",
    "p": "31837.47",
    "q": "0.940",
    "f": 1093764182,
    "l": 1093764182,
    "T": 1624711288169,
    "m": true
  },
  {
    "e": "aggTrade",
    "E": 1624711288179,
    "a": 647022255,
    "s": "BTCUSDT",
    "p": "31837.46",
    "q": "0.888",
    "f": 1093764183,
    "l": 1093764185,
    "T": 1624711288169,
    "m": true
  },
  {
    "e": "aggTrade",
    "E": 1624711288181,
    "a": 647022256,
    "s": "BTCUSDT",
    "p": "31836.54",
    "q": "0.318",
    "f": 1093764186,
    "l": 1093764187,
    "T": 1624711288169,
    "m": true
  },
  {
    "e": "aggTrade",
    "E": 1624711288181,
    "a": 647022257,
    "s": "BTCUSDT",
    "p": "31836.49",
    "q": "0.060",
    "f": 1093764188,
    "l": 1093764188,
    "T": 1624711288171,
    "m": true
  },
  {
    "e": "aggTrade",
    "E": 1624711288181,
    "a": 647022258,
    "s": "BTCUSDT",
    "p": "31836.42",
    "q": "0.004",
    "f": 1093764189,
    "l": 1093764189,
    "T": 1624711288171,
    "m": true
  },
  {
    "e": "aggTrade",
    "E": 1624711288181,
    "a": 647022259,
    "s": "BTCUSDT",
    "p": "31836.30",
    "q": "0.271",
    "f": 1093764190,
    "l": 1093764190,
    "T": 1624711288171,
    "m": true
  },
  {
    "e": "aggTrade",
    "E": 1624711288181,
    "a": 647022260,
    "s": "BTCUSDT",
    "p": "31835.90",
    "q": "0.003",
    "f": 1093764191,
    "l": 1093764191,
    "T": 1624711288171,
    "m": true
  },
  {
    "e": "aggTrade",
    "E": 1624711288181,
    "a": 647022261,
    "s": "BTCUSDT",
    "p": "31834.99",
    "q": "0.002",
    "f": 1093764192,
    "l": 1093764192,
    "T": 1624711288171,
    "m": true
  },
  {
    "e": "aggTrade",
    "E": 1624711288181,
    "a": 647022262,
    "s": "BTCUSDT",
    "p": "31834.54",
    "q": "0.006",
    "f": 1093764193,
    "l": 1093764193,
    "T": 1624711288171,
    "m": true
  },
  {
    "e": "aggTrade",
    "E": 1624711288187,
    "a": 647022263,
    "s": "BTCUSDT",
    "p": "31834.31",
    "q": "0.529",
    "f": 1093764194,
    "l": 1093764194,
    "T": 1624711288171,
    "m": true
  },
  {
    "e": "aggTrade",
    "E": 1624711288187,
    "a": 647022264,
    "s": "BTCUSDT",
    "p": "31839.33",
    "q": "0.002",
    "f": 1093764195,
    "l": 1093764195,
    "T": 1624711288182,
    "m": true
  },
  {
    "e": "aggTrade",
    "E": 1624711288187,
    "a": 647022265,
    "s": "BTCUSDT",
    "p": "31838.71",
    "q": "2.294",
    "f": 1093764196,
    "l": 1093764198,
    "T": 1624711288182,
    "m": true
  },
  {
    "e": "aggTrade",
    "E": 1624711288188,
    "a": 647022266,
    "s": "BTCUSDT",
    "p": "31838.52",
    "q": "0.685",
    "f": 1093764199,
    "l": 1093764199,
    "T": 1624711288182,
    "m": true
  },
  {
    "e": "aggTrade",
    "E": 1624711288200,
    "a": 647022267,
    "s": "BTCUSDT",
    "p": "31836.80",
    "q": "5.203",
    "f": 1093764200,
    "l": 1093764207,
    "T": 1624711288183,
    "m": true
  },
  {
    "e": "aggTrade",
    "E": 1624711288200,
    "a": 647022268,
    "s": "BTCUSDT",
    "p": "31836.67",
    "q": "0.003",
    "f": 1093764208,
    "l": 1093764208,
    "T": 1624711288198,
    "m": true
  },
  {
    "e": "aggTrade",
    "E": 1624711288200,
    "a": 647022269,
    "s": "BTCUSDT",
    "p": "31836.59",
    "q": "0.001",
    "f": 1093764209,
    "l": 1093764209,
    "T": 1624711288198,
    "m": true
  },
  {
    "e": "aggTrade",
    "E": 1624711288200,
    "a": 647022270,
    "s": "BTCUSDT",
    "p": "31836.06",
    "q": "0.003",
    "f": 1093764210,
    "l": 1093764210,
    "T": 1624711288198,
    "m": true
  },
  {
    "e": "aggTrade",
    "E": 1624711288200,
    "a": 647022271,
    "s": "BTCUSDT",
    "p": "31835.05",
    "q": "0.003",
    "f": 1093764211,
    "l": 1093764211,
    "T": 1624711288198,
    "m": true
  },
  {
    "e": "aggTrade",
    "E": 1624711288201,
    "a": 647022272,
    "s": "BTCUSDT",
    "p": "31834.89",
    "q": "0.685",
    "f": 1093764212,
    "l": 1093764212,
    "T": 1624711288198,
    "m": true
  },
  {
    "e": "aggTrade",
    "E": 1624711288203,
    "a": 647022273,
    "s": "BTCUSDT",
    "p": "31834.03",
    "q": "0.127",
    "f": 1093764213,
    "l": 1093764213,
    "T": 1624711288198,
    "m": true
  },
  {
    "e": "aggTrade",
    "E": 1624711288216,
    "a": 647022274,
    "s": "BTCUSDT",
    "p": "31834.31",
    "q": "0.030",
    "f": 1093764214,
    "l": 1093764214,
    "T": 1624711288200,
    "m": false
  },
  {
    "e": "aggTrade",
    "E": 1624711288218,
    "a": 647022275,
    "s": "BTCUSDT",
    "p": "31831.74",
    "q": "0.887",
    "f": 1093764215,
    "l": 1093764216,
    "T": 1624711288214,
    "m": true
  },
  {
    "e": "aggTrade",
    "E": 1624711288218,
    "a": 647022276,
    "s": "BTCUSDT",
    "p": "31830.95",
    "q": "0.060",
    "f": 1093764217,
    "l": 1093764217,
    "T": 1624711288214,
    "m": true
  },
  {
    "e": "aggTrade",
    "E": 1624711288236,
    "a": 647022277,
    "s": "BTCUSDT",
    "p": "31830.73",
    "q": "0.004",
    "f": 1093764218,
    "l": 1093764218,
    "T": 1624711288214,
    "m": true
  },
  {
    "e": "aggTrade",
    "E": 1624711288236,
    "a": 647022278,
    "s": "BTCUSDT",
    "p": "31831.48",
    "q": "0.060",
    "f": 1093764219,
    "l": 1093764219,
    "T": 1624711288232,
    "m": true
  },
  {
    "e": "aggTrade",
    "E": 1624711288236,
    "a": 647022279,
    "s": "BTCUSDT",
    "p": "31830.73",
    "q": "0.140",
    "f": 1093764220,
    "l": 1093764220,
    "T": 1624711288232,
    "m": true
  },
  {
    "e": "aggTrade",
    "E": 1624711288236,
    "a": 647022280,
    "s": "BTCUSDT",
    "p": "31829.97",
    "q": "0.291",
    "f": 1093764221,
    "l": 1093764221,
    "T": 1624711288232,
    "m": true
  },
  {
    "e": "aggTrade",
    "E": 1624711288238,
    "a": 647022281,
    "s": "BTCUSDT",
    "p": "31829.96",
    "q": "0.744",
    "f": 1093764222,
    "l": 1093764223,
    "T": 1624711288232,
    "m": true
  },
  {
    "e": "aggTrade",
    "E": 1624711288321,
    "a": 647022282,
    "s": "BTCUSDT",
    "p": "31827.25",
    "q": "0.005",
    "f": 1093764224,
    "l": 1093764224,
    "T": 1624711288236,
    "m": true
  },
  {
    "e": "aggTrade",
    "E": 1624711288455,
    "a": 647022283,
    "s": "BTCUSDT",
    "p": "31827.27",
    "q": "2.372",
    "f": 1093764225,
    "l": 1093764234,
    "T": 1624711288318,
    "m": false
  },
  {
    "e": "aggTrade",
    "E": 1624711288462,
    "a": 647022284,
    "s": "BTCUSDT",
    "p": "31827.27",
    "q": "0.126",
    "f": 1093764235,
    "l": 1093764237,
    "T": 1624711288452,
    "m": false
  },
  {
    "e": "aggTrade",
    "E": 1624711288505,
    "a": 647022285,
    "s": "BTCUSDT",
    "p": "31827.26",
    "q": "0.238",
    "f": 1093764238,
    "l": 1093764238,
    "T": 1624711288458,
    "m": true
  },
  {
    "e": "aggTrade",
    "E": 1624711288533,
    "a": 647022286,
    "s": "BTCUSDT",
    "p": "31827.27",
    "q": "0.481",
    "f": 1093764239,
    "l": 1093764241,
    "T": 1624711288501,
    "m": false
  },
  {
    "e": "aggTrade",
    "E": 1624711288537,
    "a": 647022287,
    "s": "BTCUSDT",
    "p": "31827.28",
    "q": "0.042",
    "f": 1093764242,
    "l": 1093764283,
    "T": 1624711288529,
    "m": false
  },
  {
    "e": "aggTrade",
    "E": 1624711288537,
    "a": 647022288,
    "s": "BTCUSDT",
    "p": "31827.40",
    "q": "0.004",
    "f": 1093764284,
    "l": 1093764287,
    "T": 1624711288529,
    "m": false
  },
  {
    "e": "aggTrade",
    "E": 1624711288537,
    "a": 647022289,
    "s": "BTCUSDT",
    "p": "31827.93",
    "q": "0.001",
    "f": 1093764288,
    "l": 1093764288,
    "T": 1624711288529,
    "m": false
  },
  {
    "e": "aggTrade",
    "E": 1624711288537,
    "a": 647022290,
    "s": "BTCUSDT",
    "p": "31827.97",
    "q": "0.001",
    "f": 1093764289,
    "l": 1093764289,
    "T": 1624711288529,
    "m": false
  },
  {
    "e": "aggTrade",
    "E": 1624711288537,
    "a": 647022291,
    "s": "BTCUSDT",
    "p": "31828.62",
    "q": "0.002",
    "f": 1093764290,
    "l": 1093764290,
    "T": 1624711288529,
    "m": false
  },
  {
    "e": "aggTrade",
    "E": 1624711288537,
    "a": 647022292,
    "s": "BTCUSDT",
    "p": "31829.97",
    "q": "0.025",
    "f": 1093764291,
    "l": 1093764291,
    "T": 1624711288529,
    "m": false
  },
  {
    "e": "aggTrade",
    "E": 1624711288537,
    "a": 647022293,
    "s": "BTCUSDT",
    "p": "31830.28",
    "q": "0.006",
    "f": 1093764292,
    "l": 1093764292,
    "T": 1624711288529,
    "m": false
  },
  {
    "e": "aggTrade",
    "E": 1624711288543,
    "a": 647022294,
    "s": "BTCUSDT",
    "p": "31830.82",
    "q": "0.179",
    "f": 1093764293,
    "l": 1093764293,
    "T": 1624711288529,
    "m": false
  },
  {
    "e": "aggTrade",
    "E": 1624711288562,
    "a": 647022295,
    "s": "BTCUSDT",
    "p": "31827.26",
    "q": "0.002",
    "f": 1093764294,
    "l": 1093764294,
    "T": 1624711288538,
    "m": true
  },
  {
    "e": "aggTrade",
    "E": 1624711288562,
    "a": 647022296,
    "s": "BTCUSDT",
    "p": "31829.58",
    "q": "0.001",
    "f": 1093764295,
    "l": 1093764295,
    "T": 1624711288557,
    "m": false
  },
  {
    "e": "aggTrade",
    "E": 1624711288562,
    "a": 647022297,
    "s": "BTCUSDT",
    "p": "31830.82",
    "q": "0.231",
    "f": 1093764296,
    "l": 1093764298,
    "T": 1624711288557,
    "m": false
  },
  {
    "e": "aggTrade",
    "E": 1624711288624,
    "a": 647022298,
    "s": "BTCUSDT",
    "p": "31831.40",
    "q": "0.163",
    "f": 1093764299,
    "l": 1093764299,
    "T": 1624711288557,
    "m": false
  },
  {
    "e": "aggTrade",
    "E": 1624711288720,
    "a": 647022299,
    "s": "BTCUSDT",
    "p": "31831.37",
    "q": "2.342",
    "f": 1093764300,
    "l": 1093764307,
    "T": 1624711288621,
    "m": false
  },
  {
    "e": "aggTrade",
    "E": 1624711288804,
    "a": 647022300,
    "s": "BTCUSDT",
    "p": "31831.36",
    "q": "0.046",
    "f": 1093764308,
    "l": 1093764310,
    "T": 1624711288715,
    "m": true
  },
  {
    "e": "aggTrade",
    "E": 1624711288850,
    "a": 647022301,
    "s": "BTCUSDT",
    "p": "31831.37",
    "q": "0.162",
    "f": 1093764311,
    "l": 1093764311,
    "T": 1624711288800,
    "m": false
  },
  {
    "e": "aggTrade",
    "E": 1624711288850,
    "a": 647022302,
    "s": "BTCUSDT",
    "p": "31831.36",
    "q": "0.079",
    "f": 1093764312,
    "l": 1093764328,
    "T": 1624711288845,
    "m": true
  },
  {
    "e": "aggTrade",
    "E": 1624711288850,
    "a": 647022303,
    "s": "BTCUSDT",
    "p": "31828.96",
    "q": "0.001",
    "f": 1093764329,
    "l": 1093764329,
    "T": 1624711288846,
    "m": true
  },
  {
    "e": "aggTrade",
    "E": 1624711288850,
    "a": 647022304,
    "s": "BTCUSDT",
    "p": "31827.98",
    "q": "0.097",
    "f": 1093764330,
    "l": 1093764330,
    "T": 1624711288846,
    "m": true
  },
  {
    "e": "aggTrade",
    "E": 1624711288938,
    "a": 647022305,
    "s": "BTCUSDT",
    "p": "31827.97",
    "q": "0.120",
    "f": 1093764331,
    "l": 1093764332,
    "T": 1624711288846,
    "m": true
  },
  {
    "e": "aggTrade",
    "E": 1624711288938,
    "a": 647022306,
    "s": "BTCUSDT",
    "p": "31827.91",
    "q": "0.001",
    "f": 1093764333,
    "l": 1093764333,
    "T": 1624711288935,
    "m": true
  },
  {
    "e": "aggTrade",
    "E": 1624711288938,
    "a": 647022307,
    "s": "BTCUSDT",
    "p": "31827.30",
    "q": "0.001",
    "f": 1093764334,
    "l": 1093764334,
    "T": 1624711288935,
    "m": true
  },
  {
    "e": "aggTrade",
    "E": 1624711288941,
    "a": 647022308,
    "s": "BTCUSDT",
    "p": "31827.27",
    "q": "0.017",
    "f": 1093764335,
    "l": 1093764351,
    "T": 1624711288935,
    "m": true
  },
  {
    "e": "aggTrade",
    "E": 1624711289013,
    "a": 647022309,
    "s": "BTCUSDT",
    "p": "31827.18",
    "q": "0.058",
    "f": 1093764352,
    "l": 1093764353,
    "T": 1624711288935,
    "m": true
  },
  {
    "e": "aggTrade",
    "E": 1624711289050,
    "a": 647022310,
    "s": "BTCUSDT",
    "p": "31827.92",
    "q": "0.626",
    "f": 1093764354,
    "l": 1093764361,
    "T": 1624711289008,
    "m": false
  },
  {
    "e": "aggTrade",
    "E": 1624711289050,
    "a": 647022311,
    "s": "BTCUSDT",
    "p": "31827.91",
    "q": "0.001",
    "f": 1093764362,
    "l": 1093764362,
    "T": 1624711289045,
    "m": true
  },
  {
    "e": "aggTrade",
    "E": 1624711289050,
    "a": 647022312,
    "s": "BTCUSDT",
    "p": "31827.90",
    "q": "0.002",
    "f": 1093764363,
    "l": 1093764364,
    "T": 1624711289045,
    "m": true
  },
  {
    "e": "aggTrade",
    "E": 1624711289063,
    "a": 647022313,
    "s": "BTCUSDT",
    "p": "31827.18",
    "q": "0.035",
    "f": 1093764365,
    "l": 1093764365,
    "T": 1624711289045,
    "m": true
  },
  {
    "e": "aggTrade",
    "E": 1624711289063,
    "a": 647022314,
    "s": "BTCUSDT",
    "p": "31827.19",
    "q": "0.003",
    "f": 1093764366,
    "l": 1093764366,
    "T": 1624711289058,
    "m": false
  },
  {
    "e": "aggTrade",
    "E": 1624711289075,
    "a": 647022315,
    "s": "BTCUSDT",
    "p": "31827.91",
    "q": "0.002",
    "f": 1093764367,
    "l": 1093764367,
    "T": 1624711289058,
    "m": false
  },
  {
    "e": "aggTrade",
    "E": 1624711289091,
    "a": 647022316,
    "s": "BTCUSDT",
    "p": "31827.19",
    "q": "0.002",
    "f": 1093764368,
    "l": 1093764368,
    "T": 1624711289072,
    "m": false
  },
  {
    "e": "aggTrade",
    "E": 1624711289223,
    "a": 647022317,
    "s": "BTCUSDT",
    "p": "31827.18",
    "q": "0.001",
    "f": 1093764369,
    "l": 1093764369,
    "T": 1624711289086,
    "m": true
  },
  {
    "e": "aggTrade",
    "E": 1624711289237,
    "a": 647022318,
    "s": "BTCUSDT",
    "p": "31827.19",
    "q": "0.068",
    "f": 1093764370,
    "l": 1093764370,
    "T": 1624711289219,
    "m": false
  },
  {
    "e": "aggTrade",
    "E": 1624711289237,
    "a": 647022319,
    "s": "BTCUSDT",
    "p": "31827.18",
    "q": "0.284",
    "f": 1093764371,
    "l": 1093764372,
    "T": 1624711289231,
    "m": true
  },
  {
    "e": "aggTrade",
    "E": 1624711289237,
    "a": 647022320,
    "s": "BTCUSDT",
    "p": "31825.67",
    "q": "0.001",
    "f": 1093764373,
    "l": 1093764373,
    "T": 1624711289231,
    "m": true
  },
  {
    "e": "aggTrade",
    "E": 1624711289237,
    "a": 647022321,
    "s": "BTCUSDT",
    "p": "31825.53",
    "q": "0.134",
    "f": 1093764374,
    "l": 1093764374,
    "T": 1624711289231,
    "m": true
  },
  {
    "e": "aggTrade",
    "E": 1624711289263,
    "a": 647022322,
    "s": "BTCUSDT",
    "p": "31823.78",
    "q": "0.081",
    "f": 1093764375,
    "l": 1093764375,
    "T": 1624711289231,
    "m": true
  },
  {
    "e": "aggTrade",
    "E": 1624711289263,
    "a": 647022323,
    "s": "BTCUSDT",
    "p": "31827.18",
    "q": "0.002",
    "f": 1093764376,
    "l": 1093764377,
    "T": 1624711289257,
    "m": true
  },
  {
    "e": "aggTrade",
    "E": 1624711289273,
    "a": 647022324,
    "s": "BTCUSDT",
    "p": "31823.73",
    "q": "0.062",
    "f": 1093764378,
    "l": 1093764378,
    "T": 1624711289257,
    "m": true
  },
  {
    "e": "aggTrade",
    "E": 1624711289363,
    "a": 647022325,
    "s": "BTCUSDT",
    "p": "31827.19",
    "q": "0.030",
    "f": 1093764379,
    "l": 1093764381,
    "T": 1624711289269,
    "m": false
  },
  {
    "e": "aggTrade",
    "E": 1624711289363,
    "a": 647022326,
    "s": "BTCUSDT",
    "p": "31827.18",
    "q": "0.004",
    "f": 1093764382,
    "l": 1093764385,
    "T": 1624711289358,
    "m": true
  },
  {
    "e": "aggTrade",
    "E": 1624711289363,
    "a": 647022327,
    "s": "BTCUSDT",
    "p": "31823.73",
    "q": "0.055",
    "f": 1093764386,
    "l": 1093764386,
    "T": 1624711289358,
    "m": true
  },
  {
    "e": "aggTrade",
    "E": 1624711289363,
    "a": 647022328,
    "s": "BTCUSDT",
    "p": "31823.54",
    "q": "0.003",
    "f": 1093764387,
    "l": 1093764387,
    "T": 1624711289358,
    "m": true
  },
  {
    "e": "aggTrade",
    "E": 1624711289363,
    "a": 647022329,
    "s": "BTCUSDT",
    "p": "31823.18",
    "q": "0.002",
    "f": 1093764388,
    "l": 1093764388,
    "T": 1624711289358,
    "m": true
  },
  {
    "e": "aggTrade",
    "E": 1624711289398,
    "a": 647022330,
    "s": "BTCUSDT",
    "p": "31823.05",
    "q": "0.041",
    "f": 1093764389,
    "l": 1093764389,
    "T": 1624711289358,
    "m": true
  },
  {
    "e": "aggTrade",
    "E": 1624711289398,
    "a": 647022331,
    "s": "BTCUSDT",
    "p": "31823.83",
    "q": "0.010",
    "f": 1093764390,
    "l": 1093764390,
    "T": 1624711289393,
    "m": false
  },
  {
    "e": "aggTrade",
    "E": 1624711289398,
    "a": 647022332,
    "s": "BTCUSDT",
    "p": "31826.69",
    "q": "0.032",
    "f": 1093764391,
    "l": 1093764391,
    "T": 1624711289393,
    "m": false
  },
  {
    "e": "aggTrade",
    "E": 1624711289398,
    "a": 647022333,
    "s": "BTCUSDT",
    "p": "31826.87",
    "q": "0.200",
    "f": 1093764392,
    "l": 1093764393,
    "T": 1624711289393,
    "m": false
  },
  {
    "e": "aggTrade",
    "E": 1624711289398,
    "a": 647022334,
    "s": "BTCUSDT",
    "p": "31827.01",
    "q": "0.002",
    "f": 1093764394,
    "l": 1093764394,
    "T": 1624711289393,
    "m": false
  },
  {
    "e": "aggTrade",
    "E": 1624711289429,
    "a": 647022335,
    "s": "BTCUSDT",
    "p": "31827.17",
    "q": "0.025",
    "f": 1093764395,
    "l": 1093764395,
    "T": 1624711289393,
    "m": false
  },
  {
    "e": "aggTrade",
    "E": 1624711289429,
    "a": 647022336,
    "s": "BTCUSDT",
    "p": "31825.55",
    "q": "0.002",
    "f": 1093764396,
    "l": 1093764396,
    "T": 1624711289425,
    "m": false
  },
  {
    "e": "aggTrade",
    "E": 1624711289444,
    "a": 647022337,
    "s": "BTCUSDT",
    "p": "31826.63",
    "q": "0.007",
    "f": 1093764397,
    "l": 1093764397,
    "T": 1624711289425,
    "m": false
  },
  {
    "e": "aggTrade",
    "E": 1624711289476,
    "a": 647022338,
    "s": "BTCUSDT",
    "p": "31825.23",
    "q": "0.022",
    "f": 1093764398,
    "l": 1093764399,
    "T": 1624711289439,
    "m": false
  },
  {
    "e": "aggTrade",
    "E": 1624711289496,
    "a": 647022339,
    "s": "BTCUSDT",
    "p": "31825.01",
    "q": "0.058",
    "f": 1093764400,
    "l": 1093764400,
    "T": 1624711289472,
    "m": true
  },
  {
    "e": "aggTrade",
    "E": 1624711289502,
    "a": 647022340,
    "s": "BTCUSDT",
    "p": "31825.23",
    "q": "0.017",
    "f": 1093764401,
    "l": 1093764401,
    "T": 1624711289491,
    "m": false
  },
  {
    "e": "aggTrade",
    "E": 1624711289504,
    "a": 647022341,
    "s": "BTCUSDT",
    "p": "31825.22",
    "q": "0.094",
    "f": 1093764402,
    "l": 1093764402,
    "T": 1624711289497,
    "m": true
  },
  {
    "e": "aggTrade",
    "E": 1624711289508,
    "a": 647022342,
    "s": "BTCUSDT",
    "p": "31825.23",
    "q": "0.001",
    "f": 1093764403,
    "l": 1093764403,
    "T": 1624711289501,
    "m": false
  },
  {
    "e": "aggTrade",
    "E": 1624711289530,
    "a": 647022343,
    "s": "BTCUSDT",
    "p": "31825.22",
    "q": "0.055",
    "f": 1093764404,
    "l": 1093764404,
    "T": 1624711289505,
    "m": true
  },
  {
    "e": "aggTrade",
    "E": 1624711289537,
    "a": 647022344,
    "s": "BTCUSDT",
    "p": "31825.23",
    "q": "0.025",
    "f": 1093764405,
    "l": 1093764405,
    "T": 1624711289525,
    "m": false
  },
  {
    "e": "aggTrade",
    "E": 1624711289539,
    "a": 647022345,
    "s": "BTCUSDT",
    "p": "31825.22",
    "q": "0.004",
    "f": 1093764406,
    "l": 1093764406,
    "T": 1624711289531,
    "m": true
  },
  {
    "e": "aggTrade",
    "E": 1624711289556,
    "a": 647022346,
    "s": "BTCUSDT",
    "p": "31825.23",
    "q": "0.011",
    "f": 1093764407,
    "l": 1093764407,
    "T": 1624711289535,
    "m": false
  },
  {
    "e": "aggTrade",
    "E": 1624711289556,
    "a": 647022347,
    "s": "BTCUSDT",
    "p": "31826.63",
    "q": "0.012",
    "f": 1093764408,
    "l": 1093764408,
    "T": 1624711289550,
    "m": false
  },
  {
    "e": "aggTrade",
    "E": 1624711289581,
    "a": 647022348,
    "s": "BTCUSDT",
    "p": "31827.17",
    "q": "0.058",
    "f": 1093764409,
    "l": 1093764409,
    "T": 1624711289550,
    "m": false
  },
  {
    "e": "aggTrade",
    "E": 1624711289665,
    "a": 647022349,
    "s": "BTCUSDT",
    "p": "31827.17",
    "q": "0.001",
    "f": 1093764410,
    "l": 1093764410,
    "T": 1624711289577,
    "m": true
  },
  {
    "e": "aggTrade",
    "E": 1624711289729,
    "a": 647022350,
    "s": "BTCUSDT",
    "p": "31825.22",
    "q": "0.146",
    "f": 1093764411,
    "l": 1093764412,
    "T": 1624711289660,
    "m": true
  },
  {
    "e": "aggTrade",
    "E": 1624711289729,
    "a": 647022351,
    "s": "BTCUSDT",
    "p": "31825.20",
    "q": "0.001",
    "f": 1093764413,
    "l": 1093764413,
    "T": 1624711289723,
    "m": true
  },
  {
    "e": "aggTrade",
    "E": 1624711289729,
    "a": 647022352,
    "s": "BTCUSDT",
    "p": "31824.89",
    "q": "0.001",
    "f": 1093764414,
    "l": 1093764414,
    "T": 1624711289723,
    "m": true
  },
  {
    "e": "aggTrade",
    "E": 1624711289729,
    "a": 647022353,
    "s": "BTCUSDT",
    "p": "31823.33",
    "q": "0.079",
    "f": 1093764415,
    "l": 1093764415,
    "T": 1624711289723,
    "m": true
  },
  {
    "e": "aggTrade",
    "E": 1624711289729,
    "a": 647022354,
    "s": "BTCUSDT",
    "p": "31823.32",
    "q": "0.121",
    "f": 1093764416,
    "l": 1093764416,
    "T": 1624711289723,
    "m": true
  },
  {
    "e": "aggTrade",
    "E": 1624711289729,
    "a": 647022355,
    "s": "BTCUSDT",
    "p": "31823.00",
    "q": "0.100",
    "f": 1093764417,
    "l": 1093764417,
    "T": 1624711289723,
    "m": true
  },
  {
    "e": "aggTrade",
    "E": 1624711289768,
    "a": 647022356,
    "s": "BTCUSDT",
    "p": "31821.02",
    "q": "0.034",
    "f": 1093764418,
    "l": 1093764418,
    "T": 1624711289723,
    "m": true
  },
  {
    "e": "aggTrade",
    "E": 1624711289768,
    "a": 647022357,
    "s": "BTCUSDT",
    "p": "31825.22",
    "q": "0.040",
    "f": 1093764419,
    "l": 1093764419,
    "T": 1624711289762,
    "m": true
  },
  {
    "e": "aggTrade",
    "E": 1624711289823,
    "a": 647022358,
    "s": "BTCUSDT",
    "p": "31825.23",
    "q": "0.682",
    "f": 1093764420,
    "l": 1093764425,
    "T": 1624711289762,
    "m": false
  },
  {
    "e": "aggTrade",
    "E": 1624711289823,
    "a": 647022359,
    "s": "BTCUSDT",
    "p": "31825.22",
    "q": "0.109",
    "f": 1093764426,
    "l": 1093764426,
    "T": 1624711289816,
    "m": true
  },
  {
    "e": "aggTrade",
    "E": 1624711289845,
    "a": 647022360,
    "s": "BTCUSDT",
    "p": "31823.98",
    "q": "0.274",
    "f": 1093764427,
    "l": 1093764428,
    "T": 1624711289816,
    "m": true
  },
  {
    "e": "aggTrade",
    "E": 1624711289848,
    "a": 647022361,
    "s": "BTCUSDT",
    "p": "31825.23",
    "q": "0.011",
    "f": 1093764429,
    "l": 1093764430,
    "T": 1624711289839,
    "m": false
  },
  {
    "e": "aggTrade",
    "E": 1624711289885,
    "a": 647022362,
    "s": "BTCUSDT",
    "p": "31825.72",
    "q": "0.089",
    "f": 1093764431,
    "l": 1093764431,
    "T": 1624711289843,
    "m": false
  },
  {
    "e": "aggTrade",
    "E": 1624711289885,
    "a": 647022363,
    "s": "BTCUSDT",
    "p": "31824.08",
    "q": "0.144",
    "f": 1093764432,
    "l": 1093764432,
    "T": 1624711289880,
    "m": false
  },
  {
    "e": "aggTrade",
    "E": 1624711289885,
    "a": 647022364,
    "s": "BTCUSDT",
    "p": "31825.72",
    "q": "0.020",
    "f": 1093764433,
    "l": 1093764433,
    "T": 1624711289880,
    "m": false
  },
  {
    "e": "aggTrade",
    "E": 1624711289885,
    "a": 647022365,
    "s": "BTCUSDT",
    "p": "31825.73",
    "q": "0.144",
    "f": 1093764434,
    "l": 1093764434,
    "T": 1624711289880,
    "m": false
  },
  {
    "e": "aggTrade",
    "E": 1624711289965,
    "a": 647022366,
    "s": "BTCUSDT",
    "p": "31826.48",
    "q": "0.001",
    "f": 1093764435,
    "l": 1093764435,
    "T": 1624711289880,
    "m": false
  },
  {
    "e": "aggTrade",
    "E": 1624711289968,
    "a": 647022367,
    "s": "BTCUSDT",
    "p": "31824.07",
    "q": "0.050",
    "f": 1093764436,
    "l": 1093764436,
    "T": 1624711289959,
    "m": false
  },
  {
    "e": "aggTrade",
    "E": 1624711289968,
    "a": 647022368,
    "s": "BTCUSDT",
    "p": "31824.06",
    "q": "0.016",
    "f": 1093764437,
    "l": 1093764437,
    "T": 1624711289964,
    "m": true
  },
  {
    "e": "aggTrade",
    "E": 1624711289968,
    "a": 647022369,
    "s": "BTCUSDT",
    "p": "31823.94",
    "q": "0.002",
    "f": 1093764438,
    "l": 1093764438,
    "T": 1624711289964,
    "m": true
  },
  {
    "e": "aggTrade",
    "E": 1624711289968,
    "a": 647022370,
    "s": "BTCUSDT",
    "p": "31823.48",
    "q": "0.001",
    "f": 1093764439,
    "l": 1093764439,
    "T": 1624711289964,
    "m": true
  },
  {
    "e": "aggTrade",
    "E": 1624711290037,
    "a": 647022371,
    "s": "BTCUSDT",
    "p": "31822.74",
    "q": "0.017",
    "f": 1093764440,
    "l": 1093764441,
    "T": 1624711289964,
    "m": true
  },
  {
    "e": "aggTrade",
    "E": 1624711290037,
    "a": 647022372,
    "s": "BTCUSDT",
    "p": "31823.12",
    "q": "0.001",
    "f": 1093764442,
    "l": 1093764442,
    "T": 1624711290032,
    "m": true
  },
  {
    "e": "aggTrade",
    "E": 1624711290039,
    "a": 647022373,
    "s": "BTCUSDT",
    "p": "31822.74",
    "q": "0.756",
    "f": 1093764443,
    "l": 1093764445,
    "T": 1624711290032,
    "m": true
  },
  {
    "e": "aggTrade",
    "E": 1624711290039,
    "a": 647022374,
    "s": "BTCUSDT",
    "p": "31821.78",
    "q": "0.004",
    "f": 1093764446,
    "l": 1093764446,
    "T": 1624711290035,
    "m": true
  },
  {
    "e": "aggTrade",
    "E": 1624711290039,
    "a": 647022375,
    "s": "BTCUSDT",
    "p": "31821.53",
    "q": "0.049",
    "f": 1093764447,
    "l": 1093764447,
    "T": 1624711290035,
    "m": true
  },
  {
    "e": "aggTrade",
    "E": 1624711290039,
    "a": 647022376,
    "s": "BTCUSDT",
    "p": "31821.16",
    "q": "0.050",
    "f": 1093764448,
    "l": 1093764449,
    "T": 1624711290035,
    "m": true
  },
  {
    "e": "aggTrade",
    "E": 1624711290039,
    "a": 647022377,
    "s": "BTCUSDT",
    "p": "31821.14",
    "q": "0.050",
    "f": 1093764450,
    "l": 1093764450,
    "T": 1624711290036,
    "m": true
  },
  {
    "e": "aggTrade",
    "E": 1624711290062,
    "a": 647022378,
    "s": "BTCUSDT",
    "p": "31820.83",
    "q": "1.037",
    "f": 1093764451,
    "l": 1093764453,
    "T": 1624711290036,
    "m": true
  },
  {
    "e": "aggTrade",
    "E": 1624711290062,
    "a": 647022379,
    "s": "BTCUSDT",
    "p": "31820.00",
    "q": "0.034",
    "f": 1093764454,
    "l": 1093764454,
    "T": 1624711290057,
    "m": true
  },
  {
    "e": "aggTrade",
    "E": 1624711290063,
    "a": 647022380,
    "s": "BTCUSDT",
    "p": "31817.55",
    "q": "0.070",
    "f": 1093764455,
    "l": 1093764457,
    "T": 1624711290057,
    "m": true
  },
  {
    "e": "aggTrade",
    "E": 1624711290116,
    "a": 647022381,
    "s": "BTCUSDT",
    "p": "31817.54",
    "q": "0.044",
    "f": 1093764458,
    "l": 1093764458,
    "T": 1624711290061,
    "m": true
  },
  {
    "e": "aggTrade",
    "E": 1624711290267,
    "a": 647022382,
    "s": "BTCUSDT",
    "p": "31817.69",
    "q": "0.110",
    "f": 1093764459,
    "l": 1093764463,
    "T": 1624711290107,
    "m": false
  },
  {
    "e": "aggTrade",
    "E": 1624711290369,
    "a": 647022383,
    "s": "BTCUSDT",
    "p": "31817.68",
    "q": "0.049",
    "f": 1093764464,
    "l": 1093764464,
    "T": 1624711290264,
    "m": true
  },
  {
    "e": "aggTrade",
    "E": 1624711290381,
    "a": 647022384,
    "s": "BTCUSDT",
    "p": "31817.69",
    "q": "0.510",
    "f": 1093764465,
    "l": 1093764470,
    "T": 1624711290366,
    "m": false
  },
  {
    "e": "aggTrade",
    "E": 1624711290381,
    "a": 647022385,
    "s": "BTCUSDT",
    "p": "31818.28",
    "q": "0.002",
    "f": 1093764471,
    "l": 1093764471,
    "T": 1624711290378,
    "m": false
  },
  {
    "e": "aggTrade",
    "E": 1624711290383,
    "a": 647022386,
    "s": "BTCUSDT",
    "p": "31819.11",
    "q": "0.006",
    "f": 1093764472,
    "l": 1093764472,
    "T": 1624711290378,
    "m": false
  },
  {
    "e": "aggTrade",
    "E": 1624711290383,
    "a": 647022387,
    "s": "BTCUSDT",
    "p": "31818.27",
    "q": "0.090",
    "f": 1093764473,
    "l": 1093764474,
    "T": 1624711290379,
    "m": true
  },
  {
    "e": "aggTrade",
    "E": 1624711290394,
    "a": 647022388,
    "s": "BTCUSDT",
    "p": "31817.68",
    "q": "0.020",
    "f": 1093764475,
    "l": 1093764476,
    "T": 1624711290379,
    "m": true
  },
  {
    "e": "aggTrade",
    "E": 1624711290431,
    "a": 647022389,
    "s": "BTCUSDT",
    "p": "31818.27",
    "q": "0.587",
    "f": 1093764477,
    "l": 1093764478,
    "T": 1624711290389,
    "m": true
  },
  {
    "e": "aggTrade",
    "E": 1624711290510,
    "a": 647022390,
    "s": "BTCUSDT",
    "p": "31819.12",
    "q": "0.014",
    "f": 1093764479,
    "l": 1093764481,
    "T": 1624711290427,
    "m": true
  },
  {
    "e": "aggTrade",
    "E": 1624711290510,
    "a": 647022391,
    "s": "BTCUSDT",
    "p": "31819.13",
    "q": "0.001",
    "f": 1093764482,
    "l": 1093764482,
    "T": 1624711290505,
    "m": false
  },
  {
    "e": "aggTrade",
    "E": 1624711290535,
    "a": 647022392,
    "s": "BTCUSDT",
    "p": "31819.19",
    "q": "0.004",
    "f": 1093764483,
    "l": 1093764483,
    "T": 1624711290505,
    "m": false
  },
  {
    "e": "aggTrade",
    "E": 1624711290561,
    "a": 647022393,
    "s": "BTCUSDT",
    "p": "31819.13",
    "q": "1.000",
    "f": 1093764484,
    "l": 1093764484,
    "T": 1624711290530,
    "m": false
  },
  {
    "e": "aggTrade",
    "E": 1624711290561,
    "a": 647022394,
    "s": "BTCUSDT",
    "p": "31819.18",
    "q": "0.004",
    "f": 1093764485,
    "l": 1093764485,
    "T": 1624711290555,
    "m": false
  },
  {
    "e": "aggTrade",
    "E": 1624711290561,
    "a": 647022395,
    "s": "BTCUSDT",
    "p": "31819.20",
    "q": "0.001",
    "f": 1093764486,
    "l": 1093764486,
    "T": 1624711290555,
    "m": false
  },
  {
    "e": "aggTrade",
    "E": 1624711290580,
    "a": 647022396,
    "s": "BTCUSDT",
    "p": "31820.19",
    "q": "0.060",
    "f": 1093764487,
    "l": 1093764488,
    "T": 1624711290555,
    "m": false
  },
  {
    "e": "aggTrade",
    "E": 1624711290595,
    "a": 647022397,
    "s": "BTCUSDT",
    "p": "31820.19",
    "q": "0.011",
    "f": 1093764489,
    "l": 1093764489,
    "T": 1624711290575,
    "m": true
  },
  {
    "e": "aggTrade",
    "E": 1624711290595,
    "a": 647022398,
    "s": "BTCUSDT",
    "p": "31820.64",
    "q": "0.003",
    "f": 1093764490,
    "l": 1093764490,
    "T": 1624711290592,
    "m": false
  },
  {
    "e": "aggTrade",
    "E": 1624711290595,
    "a": 647022399,
    "s": "BTCUSDT",
    "p": "31821.08",
    "q": "0.001",
    "f": 1093764491,
    "l": 1093764491,
    "T": 1624711290592,
    "m": false
  },
  {
    "e": "aggTrade",
    "E": 1624711290606,
    "a": 647022400,
    "s": "BTCUSDT",
    "p": "31822.28",
    "q": "0.801",
    "f": 1093764492,
    "l": 1093764493,
    "T": 1624711290592,
    "m": false
  },
  {
    "e": "aggTrade",
    "E": 1624711290616,
    "a": 647022401,
    "s": "BTCUSDT",
    "p": "31822.27",
    "q": "0.010",
    "f": 1093764494,
    "l": 1093764494,
    "T": 1624711290602,
    "m": false
  },
  {
    "e": "aggTrade",
    "E": 1624711290635,
    "a": 647022402,
    "s": "BTCUSDT",
    "p": "31822.18",
    "q": "0.010",
    "f": 1093764495,
    "l": 1093764496,
    "T": 1624711290609,
    "m": true
  },
  {
    "e": "aggTrade",
    "E": 1624711290637,
    "a": 647022403,
    "s": "BTCUSDT",
    "p": "31820.97",
    "q": "0.001",
    "f": 1093764497,
    "l": 1093764497,
    "T": 1624711290629,
    "m": true
  },
  {
    "e": "aggTrade",
    "E": 1624711290670,
    "a": 647022404,
    "s": "BTCUSDT",
    "p": "31822.27",
    "q": "0.042",
    "f": 1093764498,
    "l": 1093764498,
    "T": 1624711290634,
    "m": false
  },
  {
    "e": "aggTrade",
    "E": 1624711290727,
    "a": 647022405,
    "s": "BTCUSDT",
    "p": "31820.62",
    "q": "0.019",
    "f": 1093764499,
    "l": 1093764500,
    "T": 1624711290666,
    "m": false
  },
  {
    "e": "aggTrade",
    "E": 1624711290727,
    "a": 647022406,
    "s": "BTCUSDT",
    "p": "31820.61",
    "q": "0.002",
    "f": 1093764501,
    "l": 1093764501,
    "T": 1624711290721,
    "m": true
  },
  {
    "e": "aggTrade",
    "E": 1624711290727,
    "a": 647022407,
    "s": "BTCUSDT",
    "p": "31820.20",
    "q": "0.001",
    "f": 1093764502,
    "l": 1093764502,
    "T": 1624711290721,
    "m": true
  },
  {
    "e": "aggTrade",
    "E": 1624711290727,
    "a": 647022408,
    "s": "BTCUSDT",
    "p": "31819.62",
    "q": "0.032",
    "f": 1093764503,
    "l": 1093764503,
    "T": 1624711290721,
    "m": true
  },
  {
    "e": "aggTrade",
    "E": 1624711290809,
    "a": 647022409,
    "s": "BTCUSDT",
    "p": "31818.28",
    "q": "0.057",
    "f": 1093764504,
    "l": 1093764504,
    "T": 1624711290721,
    "m": true
  },
  {
    "e": "aggTrade",
    "E": 1624711290902,
    "a": 647022410,
    "s": "BTCUSDT",
    "p": "31818.37",
    "q": "1.691",
    "f": 1093764505,
    "l": 1093764507,
    "T": 1624711290803,
    "m": true
  },
  {
    "e": "aggTrade",
    "E": 1624711290951,
    "a": 647022411,
    "s": "BTCUSDT",
    "p": "31818.38",
    "q": "0.142",
    "f": 1093764508,
    "l": 1093764509,
    "T": 1624711290897,
    "m": false
  },
  {
    "e": "aggTrade",
    "E": 1624711290977,
    "a": 647022412,
    "s": "BTCUSDT",
    "p": "31818.37",
    "q": "0.010",
    "f": 1093764510,
    "l": 1093764510,
    "T": 1624711290943,
    "m": true
  },
  {
    "e": "aggTrade",
    "E": 1624711291092,
    "a": 647022413,
    "s": "BTCUSDT",
    "p": "31818.38",
    "q": "0.285",
    "f": 1093764511,
    "l": 1093764514,
    "T": 1624711290973,
    "m": false
  },
  {
    "e": "aggTrade",
    "E": 1624711291178,
    "a": 647022414,
    "s": "BTCUSDT",
    "p": "31818.38",
    "q": "0.054",
    "f": 1093764515,
    "l": 1093764515,
    "T": 1624711291087,
    "m": false
  },
  {
    "e": "aggTrade",
    "E": 1624711291203,
    "a": 647022415,
    "s": "BTCUSDT",
    "p": "31818.37",
    "q": "0.029",
    "f": 1093764516,
    "l": 1093764519,
    "T": 1624711291170,
    "m": true
  },
  {
    "e": "aggTrade",
    "E": 1624711291250,
    "a": 647022416,
    "s": "BTCUSDT",
    "p": "31818.30",
    "q": "0.002",
    "f": 1093764520,
    "l": 1093764520,
    "T": 1624711291199,
    "m": true
  },
  {
    "e": "aggTrade",
    "E": 1624711291272,
    "a": 647022417,
    "s": "BTCUSDT",
    "p": "31815.86",
    "q": "0.260",
    "f": 1093764521,
    "l": 1093764522,
    "T": 1624711291246,
    "m": false
  },
  {
    "e": "aggTrade",
    "E": 1624711291327,
    "a": 647022418,
    "s": "BTCUSDT",
    "p": "31815.85",
    "q": "0.174",
    "f": 1093764523,
    "l": 1093764526,
    "T": 1624711291268,
    "m": true
  },
  {
    "e": "aggTrade",
    "E": 1624711291337,
    "a": 647022419,
    "s": "BTCUSDT",
    "p": "31815.86",
    "q": "0.011",
    "f": 1093764527,
    "l": 1093764528,
    "T": 1624711291321,
    "m": false
  },
  {
    "e": "aggTrade",
    "E": 1624711291337,
    "a": 647022420,
    "s": "BTCUSDT",
    "p": "31815.85",
    "q": "0.147",
    "f": 1093764529,
    "l": 1093764530,
    "T": 1624711291332,
    "m": true
  },
  {
    "e": "aggTrade",
    "E": 1624711291337,
    "a": 647022421,
    "s": "BTCUSDT",
    "p": "31815.00",
    "q": "0.039",
    "f": 1093764531,
    "l": 1093764531,
    "T": 1624711291332,
    "m": true
  },
  {
    "e": "aggTrade",
    "E": 1624711291337,
    "a": 647022422,
    "s": "BTCUSDT",
    "p": "31814.60",
    "q": "0.031",
    "f": 1093764532,
    "l": 1093764532,
    "T": 1624711291332,
    "m": true
  },
  {
    "e": "aggTrade",
    "E": 1624711291337,
    "a": 647022423,
    "s": "BTCUSDT",
    "p": "31814.11",
    "q": "0.271",
    "f": 1093764533,
    "l": 1093764533,
    "T": 1624711291332,
    "m": true
  },
  {
    "e": "aggTrade",
    "E": 1624711291339,
    "a": 647022424,
    "s": "BTCUSDT",
    "p": "31814.09",
    "q": "0.015",
    "f": 1093764534,
    "l": 1093764535,
    "T": 1624711291332,
    "m": true
  },
  {
    "e": "aggTrade",
    "E": 1624711291397,
    "a": 647022425,
    "s": "BTCUSDT",
    "p": "31815.86",
    "q": "0.582",
    "f": 1093764536,
    "l": 1093764538,
    "T": 1624711291333,
    "m": false
  },
  {
    "e": "aggTrade",
    "E": 1624711291397,
    "a": 647022426,
    "s": "BTCUSDT",
    "p": "31814.86",
    "q": "0.006",
    "f": 1093764539,
    "l": 1093764539,
    "T": 1624711291391,
    "m": false
  },
  {
    "e": "aggTrade",
    "E": 1624711291431,
    "a": 647022427,
    "s": "BTCUSDT",
    "p": "31814.85",
    "q": "0.065",
    "f": 1093764540,
    "l": 1093764540,
    "T": 1624711291392,
    "m": true
  },
  {
    "e": "aggTrade",
    "E": 1624711291431,
    "a": 647022428,
    "s": "BTCUSDT",
    "p": "31814.86",
    "q": "0.578",
    "f": 1093764541,
    "l": 1093764542,
    "T": 1624711291427,
    "m": false
  },
  {
    "e": "aggTrade",
    "E": 1624711291431,
    "a": 647022429,
    "s": "BTCUSDT",
    "p": "31815.07",
    "q": "0.001",
    "f": 1093764543,
    "l": 1093764543,
    "T": 1624711291427,
    "m": false
  },
  {
    "e": "aggTrade",
    "E": 1624711291431,
    "a": 647022430,
    "s": "BTCUSDT",
    "p": "31815.86",
    "q": "0.042",
    "f": 1093764544,
    "l": 1093764546,
    "T": 1624711291427,
    "m": false
  },
  {
    "e": "aggTrade",
    "E": 1624711291431,
    "a": 647022431,
    "s": "BTCUSDT",
    "p": "31815.87",
    "q": "0.002",
    "f": 1093764547,
    "l": 1093764548,
    "T": 1624711291427,
    "m": false
  },
  {
    "e": "aggTrade",
    "E": 1624711291431,
    "a": 647022432,
    "s": "BTCUSDT",
    "p": "31817.75",
    "q": "0.100",
    "f": 1093764549,
    "l": 1093764549,
    "T": 1624711291427,
    "m": false
  },
  {
    "e": "aggTrade",
    "E": 1624711291492,
    "a": 647022433,
    "s": "BTCUSDT",
    "p": "31818.01",
    "q": "0.297",
    "f": 1093764550,
    "l": 1093764550,
    "T": 1624711291427,
    "m": false
  },
  {
    "e": "aggTrade",
    "E": 1624711291569,
    "a": 647022434,
    "s": "BTCUSDT",
    "p": "31814.09",
    "q": "1.426",
    "f": 1093764551,
    "l": 1093764559,
    "T": 1624711291489,
    "m": true
  },
  {
    "e": "aggTrade",
    "E": 1624711291569,
    "a": 647022435,
    "s": "BTCUSDT",
    "p": "31814.08",
    "q": "0.004",
    "f": 1093764560,
    "l": 1093764560,
    "T": 1624711291565,
    "m": true
  },
  {
    "e": "aggTrade",
    "E": 1624711291569,
    "a": 647022436,
    "s": "BTCUSDT",
    "p": "31813.42",
    "q": "0.003",
    "f": 1093764561,
    "l": 1093764561,
    "T": 1624711291565,
    "m": true
  },
  {
    "e": "aggTrade",
    "E": 1624711291569,
    "a": 647022437,
    "s": "BTCUSDT",
    "p": "31811.27",
    "q": "0.275",
    "f": 1093764562,
    "l": 1093764562,
    "T": 1624711291565,
    "m": true
  },
  {
    "e": "aggTrade",
    "E": 1624711291569,
    "a": 647022438,
    "s": "BTCUSDT",
    "p": "31811.26",
    "q": "0.058",
    "f": 1093764563,
    "l": 1093764563,
    "T": 1624711291565,
    "m": true
  },
  {
    "e": "aggTrade",
    "E": 1624711291571,
    "a": 647022439,
    "s": "BTCUSDT",
    "p": "31811.25",
    "q": "0.157",
    "f": 1093764564,
    "l": 1093764564,
    "T": 1624711291565,
    "m": true
  },
  {
    "e": "aggTrade",
    "E": 1624711291584,
    "a": 647022440,
    "s": "BTCUSDT",
    "p": "31811.24",
    "q": "0.037",
    "f": 1093764565,
    "l": 1093764565,
    "T": 1624711291565,
    "m": true
  },
  {
    "e": "aggTrade",
    "E": 1624711291614,
    "a": 647022441,
    "s": "BTCUSDT",
    "p": "31812.85",
    "q": "0.733",
    "f": 1093764566,
    "l": 1093764566,
    "T": 1624711291580,
    "m": false
  },
  {
    "e": "aggTrade",
    "E": 1624711291614,
    "a": 647022442,
    "s": "BTCUSDT",
    "p": "31811.17",
    "q": "0.015",
    "f": 1093764567,
    "l": 1093764567,
    "T": 1624711291610,
    "m": false
  },
  {
    "e": "aggTrade",
    "E": 1624711291614,
    "a": 647022443,
    "s": "BTCUSDT",
    "p": "31813.41",
    "q": "0.051",
    "f": 1093764568,
    "l": 1093764568,
    "T": 1624711291610,
    "m": false
  },
  {
    "e": "aggTrade",
    "E": 1624711291614,
    "a": 647022444,
    "s": "BTCUSDT",
    "p": "31813.42",
    "q": "0.396",
    "f": 1093764569,
    "l": 1093764569,
    "T": 1624711291610,
    "m": false
  },
  {
    "e": "aggTrade",
    "E": 1624711291628,
    "a": 647022445,
    "s": "BTCUSDT",
    "p": "31813.59",
    "q": "0.051",
    "f": 1093764570,
    "l": 1093764571,
    "T": 1624711291610,
    "m": false
  },
  {
    "e": "aggTrade",
    "E": 1624711291628,
    "a": 647022446,
    "s": "BTCUSDT",
    "p": "31813.60",
    "q": "0.026",
    "f": 1093764572,
    "l": 1093764572,
    "T": 1624711291622,
    "m": false
  },
  {
    "e": "aggTrade",
    "E": 1624711291691,
    "a": 647022447,
    "s": "BTCUSDT",
    "p": "31813.71",
    "q": "0.001",
    "f": 1093764573,
    "l": 1093764573,
    "T": 1624711291622,
    "m": false
  },
  {
    "e": "aggTrade",
    "E": 1624711291691,
    "a": 647022448,
    "s": "BTCUSDT",
    "p": "31813.42",
    "q": "0.470",
    "f": 1093764574,
    "l": 1093764574,
    "T": 1624711291685,
    "m": false
  },
  {
    "e": "aggTrade",
    "E": 1624711291691,
    "a": 647022449,
    "s": "BTCUSDT",
    "p": "31813.98",
    "q": "0.001",
    "f": 1093764575,
    "l": 1093764575,
    "T": 1624711291685,
    "m": false
  },
  {
    "e": "aggTrade",
    "E": 1624711291691,
    "a": 647022450,
    "s": "BTCUSDT",
    "p": "31815.47",
    "q": "0.314",
    "f": 1093764576,
    "l": 1093764576,
    "T": 1624711291685,
    "m": false
  },
  {
    "e": "aggTrade",
    "E": 1624711291726,
    "a": 647022451,
