[
    {"e":"aggTrade","E":1624709093547,"a":646888473,"s":"BTCUSDT","p":"31681.95","q":"0.010","f":1093503192,"l":1093503192,"T":1624709093533,"m":true},
    {"e":"aggTrade","E":1624709093561,"a":646888474,"s":"BTCUSDT","p":"31682.02","q":"0.037","f":1093503193,"l":1093503193,"T":1624709093544,"m":true},
    {"e":"aggTrade","E":1624709093576,"a":646888475,"s":"BTCUSDT","p":"31682.03","q":"0.071","f":1093503194,"l":1093503195,"T":1624709093556,"m":true},
    {"e":"aggTrade","E":1624709093576,"a":646888476,"s":"BTCUSDT","p":"31681.55","q":"0.002","f":1093503196,"l":1093503196,"T":1624709093570,"m":true},
    {"e":"aggTrade","E":1624709093576,"a":646888477,"s":"BTCUSDT","p":"31680.81","q":"0.004","f":1093503197,"l":1093503197,"T":1624709093570,"m":true},
    {"e":"aggTrade","E":1624709093583,"a":646888478,"s":"BTCUSDT","p":"31680.71","q":"0.005","f":1093503198,"l":1093503198,"T":1624709093570,"m":true},
    {"e":"aggTrade","E":1624709093624,"a":646888479,"s":"BTCUSDT","p":"31680.72","q":"0.012","f":1093503199,"l":1093503199,"T":1624709093580,"m":true},
    {"e":"aggTrade","E":1624709093676,"a":646888480,"s":"BTCUSDT","p":"31680.82","q":"0.002","f":1093503200,"l":1093503200,"T":1624709093617,"m":false},
    {"e":"aggTrade","E":1624709093676,"a":646888481,"s":"BTCUSDT","p":"31681.94","q":"0.001","f":1093503201,"l":1093503201,"T":1624709093670,"m":false},
    {"e":"aggTrade","E":1624709093676,"a":646888482,"s":"BTCUSDT","p":"31682.00","q":"0.010","f":1093503202,"l":1093503202,"T":1624709093670,"m":false},
    {"e":"aggTrade","E":1624709093682,"a":646888483,"s":"BTCUSDT","p":"31682.06","q":"0.290","f":1093503203,"l":1093503203,"T":1624709093670,"m":false},
    {"e":"aggTrade","E":1624709093718,"a":646888484,"s":"BTCUSDT","p":"31682.05","q":"0.042","f":1093503204,"l":1093503204,"T":1624709093678,"m":true},
    {"e":"aggTrade","E":1624709093820,"a":646888485,"s":"BTCUSDT","p":"31682.06","q":"0.035","f":1093503205,"l":1093503205,"T":1624709093712,"m":false},
    {"e":"aggTrade","E":1624709093900,"a":646888486,"s":"BTCUSDT","p":"31682.06","q":"0.008","f":1093503206,"l":1093503206,"T":1624709093813,"m":false},
    {"e":"aggTrade","E":1624709093900,"a":646888487,"s":"BTCUSDT","p":"31682.64","q":"0.001","f":1093503207,"l":1093503207,"T":1624709093895,"m":false},
    {"e":"aggTrade","E":1624709093930,"a":646888488,"s":"BTCUSDT","p":"31683.15","q":"0.001","f":1093503208,"l":1093503208,"T":1624709093895,"m":false},
    {"e":"aggTrade","E":1624709093983,"a":646888489,"s":"BTCUSDT","p":"31683.29","q":"0.016","f":1093503209,"l":1093503210,"T":1624709093926,"m":true},
    {"e":"aggTrade","E":1624709094020,"a":646888490,"s":"BTCUSDT","p":"31684.11","q":"0.001","f":1093503211,"l":1093503211,"T":1624709093980,"m":false},
    {"e":"aggTrade","E":1624709094103,"a":646888491,"s":"BTCUSDT","p":"31683.36","q":"0.052","f":1093503212,"l":1093503213,"T":1624709094015,"m":true},
    {"e":"aggTrade","E":1624709094158,"a":646888492,"s":"BTCUSDT","p":"31683.37","q":"0.100","f":1093503214,"l":1093503214,"T":1624709094100,"m":false},
    {"e":"aggTrade","E":1624709094170,"a":646888493,"s":"BTCUSDT","p":"31683.29","q":"0.042","f":1093503215,"l":1093503216,"T":1624709094152,"m":true},
    {"e":"aggTrade","E":1624709094253,"a":646888494,"s":"BTCUSDT","p":"31683.30","q":"0.003","f":1093503217,"l":1093503217,"T":1624709094167,"m":false},
    {"e":"aggTrade","E":1624709094264,"a":646888495,"s":"BTCUSDT","p":"31683.29","q":"0.037","f":1093503218,"l":1093503218,"T":1624709094249,"m":true},
    {"e":"aggTrade","E":1624709094266,"a":646888496,"s":"BTCUSDT","p":"31683.30","q":"0.191","f":1093503219,"l":1093503219,"T":1624709094258,"m":false},
    {"e":"aggTrade","E":1624709094319,"a":646888497,"s":"BTCUSDT","p":"31683.29","q":"0.121","f":1093503220,"l":1093503220,"T":1624709094261,"m":true},
    {"e":"aggTrade","E":1624709094319,"a":646888498,"s":"BTCUSDT","p":"31682.96","q":"3.164","f":1093503221,"l":1093503227,"T":1624709094313,"m":false},
    {"e":"aggTrade","E":1624709094319,"a":646888499,"s":"BTCUSDT","p":"31683.17","q":"0.940","f":1093503228,"l":1093503228,"T":1624709094313,"m":false},
    {"e":"aggTrade","E":1624709094319,"a":646888500,"s":"BTCUSDT","p":"31683.29","q":"0.568","f":1093503229,"l":1093503231,"T":1624709094313,"m":false},
    {"e":"aggTrade","E":1624709094319,"a":646888501,"s":"BTCUSDT","p":"31683.30","q":"4.744","f":1093503232,"l":1093503234,"T":1624709094313,"m":false},
    {"e":"aggTrade","E":1624709094319,"a":646888502,"s":"BTCUSDT","p":"31683.37","q":"0.022","f":1093503235,"l":1093503235,"T":1624709094313,"m":false},
    {"e":"aggTrade","E":1624709094319,"a":646888503,"s":"BTCUSDT","p":"31684.11","q":"0.004","f":1093503236,"l":1093503236,"T":1624709094313,"m":false},
    {"e":"aggTrade","E":1624709094319,"a":646888504,"s":"BTCUSDT","p":"31684.48","q":"1.969","f":1093503237,"l":1093503237,"T":1624709094313,"m":false},
    {"e":"aggTrade","E":1624709094319,"a":646888505,"s":"BTCUSDT","p":"31684.54","q":"2.277","f":1093503238,"l":1093503239,"T":1624709094313,"m":false},
    {"e":"aggTrade","E":1624709094319,"a":646888506,"s":"BTCUSDT","p":"31684.82","q":"0.009","f":1093503240,"l":1093503240,"T":1624709094313,"m":false},
    {"e":"aggTrade","E":1624709094319,"a":646888507,"s":"BTCUSDT","p":"31684.83","q":"0.008","f":1093503241,"l":1093503241,"T":1624709094313,"m":false},
    {"e":"aggTrade","E":1624709094319,"a":646888508,"s":"BTCUSDT","p":"31685.11","q":"0.232","f":1093503242,"l":1093503243,"T":1624709094313,"m":false},
    {"e":"aggTrade","E":1624709094321,"a":646888509,"s":"BTCUSDT","p":"31685.90","q":"0.146","f":1093503244,"l":1093503244,"T":1624709094313,"m":false},
    {"e":"aggTrade","E":1624709094321,"a":646888510,"s":"BTCUSDT","p":"31686.00","q":"0.026","f":1093503245,"l":1093503245,"T":1624709094313,"m":false},
    {"e":"aggTrade","E":1624709094321,"a":646888511,"s":"BTCUSDT","p":"31686.06","q":"0.018","f":1093503246,"l":1093503247,"T":1624709094313,"m":false},
    {"e":"aggTrade","E":1624709094321,"a":646888512,"s":"BTCUSDT","p":"31686.07","q":"0.011","f":1093503248,"l":1093503248,"T":1624709094313,"m":false},
    {"e":"aggTrade","E":1624709094321,"a":646888513,"s":"BTCUSDT","p":"31686.30","q":"0.014","f":1093503249,"l":1093503249,"T":1624709094313,"m":false},
    {"e":"aggTrade","E":1624709094321,"a":646888514,"s":"BTCUSDT","p":"31686.31","q":"1.969","f":1093503250,"l":1093503250,"T":1624709094313,"m":false},
    {"e":"aggTrade","E":1624709094321,"a":646888515,"s":"BTCUSDT","p":"31686.39","q":"0.006","f":1093503251,"l":1093503251,"T":1624709094313,"m":false},
    {"e":"aggTrade","E":1624709094419,"a":646888516,"s":"BTCUSDT","p":"31686.44","q":"2.227","f":1093503252,"l":1093503254,"T":1624709094313,"m":false},
    {"e":"aggTrade","E":1624709094419,"a":646888517,"s":"BTCUSDT","p":"31682.96","q":"0.584","f":1093503255,"l":1093503255,"T":1624709094414,"m":false},
    {"e":"aggTrade","E":1624709094419,"a":646888518,"s":"BTCUSDT","p":"31683.29","q":"0.009","f":1093503256,"l":1093503256,"T":1624709094414,"m":false},
    {"e":"aggTrade","E":1624709094419,"a":646888519,"s":"BTCUSDT","p":"31684.11","q":"0.002","f":1093503257,"l":1093503257,"T":1624709094414,"m":false},
    {"e":"aggTrade","E":1624709094451,"a":646888520,"s":"BTCUSDT","p":"31685.00","q":"0.100","f":1093503258,"l":1093503258,"T":1624709094414,"m":false}
]